1968 2561
271 668 394 728 Instat
417 695 507 737 dies,
543 705 644 739 quem
669 707 747 729 cum
771 696 925 737 civibus,
958 700 1032 729 tum
1058 694 1119 728 fibi
1141 693 1395 736 faustissimum,
1430 688 1488 737 pie
1512 692 1684 725 celebrare

277 743 452 778 consuevit
476 743 697 787 Gymnasium
720 743 1013 785 Fridericianum,
1048 744 1173 777 natalis
1200 743 1375 787 Principis
1400 741 1607 774 screniffimi
1631 746 1684 772 at-

275 802 341 834 que
365 789 667 833 Indulgentiffimi,
693 789 886 833 Augusti.
942 790 1044 822 Hunc
1068 801 1142 822 cras
1166 788 1373 821 celebraturi
1395 790 1504 825 Vos,
1531 785 1685 830 Amplis-

276 836 348 868 fimi
371 836 466 868 urbis
489 835 610 878 reique
633 835 791 878 publicae
817 838 1001 877 Proceres,
1031 835 1207 878 Gymnafii
1223 835 1409 868 Curatores
1432 839 1533 876 atque
1548 832 1685 875 Inspec-

274 888 366 914 tores
391 880 606 921 Graviffimi,
633 886 669 913 et
691 881 819 924 reliqui
840 882 1019 914 literarum
1043 881 1195 913 fautores
1219 891 1257 912 ac
1281 880 1438 923 patroni,
1460 884 1500 912 ut
1522 878 1686 921 frequen·

276 933 326 959 tes
350 926 481 968 adfflis,
513 931 547 957 et
577 926 749 958 orationes
781 938 801 959 a
833 932 979 970 quatuor
1002 925 1271 959 adolescentibus
1294 925 1484 966 habendas,
1508 935 1575 967 qua
1597 923 1686 956 sole-

273 974 319 1006 tis
343 972 575 1013 humanitate,
602 971 723 1005 audire
746 971 881 1014 velitis,
910 971 1194 1006 observantissime
1216 983 1387 1016 rogamus.
1433 971 1550 1005 Verba
1571 976 1685 1002 autem

274 1018 402 1051 facient

369 1062 583 1096 Fridericus
606 1061 827 1097 -Guilielmus
853 1063 1000 1102 Braut,
1037 1062 1352 1106 Ronneburgenfis,
1385 1062 1445 1105 qui
1470 1062 1512 1094 de
1536 1061 1684 1093 utilitate

276 1120 296 1140 e
319 1109 467 1141 lectione
491 1109 702 1152 tragicorum
728 1110 939 1141 Graecorum
965 1110 1130 1152 capienda
1153 1115 1229 1150 aget
1252 1108 1424 1141 oratione
1450 1107 1620 1145 Latina;

366 1152 550 1202 Ermslus
573 1154 759 1188 Henricus
781 1152 966 1202 Augustus
990 1154 1036 1187 de
1052 1152 1203 1203 Isropf,
1226 1154 1470 1195 Berolinensis,
1497 1154 1556 1195 qui
1580 1163 1685 1195 genus

273 1197 463 1230 humanum
495 1199 538 1229 ad
569 1199 713 1230 meliora
743 1204 778 1229 et
800 1200 843 1229 ad
868 1201 1025 1230 altiorem
1047 1200 1273 1240 perfectiouis
1294 1198 1438 1240 gradum
1453 1199 1585 1240 semper
1602 1208 1685 1240 pro-

275 1243 370 1286 gredi
397 1242 571 1274 ostendere
597 1242 776 1274 conabitur
801 1243 974 1275 oratione
1001 1242 1222 1276 Germanica
1230 1254 1245 1281 ,·

366 1288 559 1322 Johamzes
580 1286 738 1321 Carolus
760 1287 915 1320 Gottlob
932 1285 1148 1337 Findezsen,
1171 1287 1357 1328 Kahlenfis,
1381 1288 1565 1330 Principis,
1588 1286 1687 1319 scho-

274 1334 387 1367 larum
409 1334 554 1374 tutoris,
581 1334 824 1375 benignitatem
850 1335 1084 1367 celebraturus
1108 1334 1268 1367 carmine
1292 1333 1454 1377 elegiaco
1478 1333 1633 1366 Latino.

368 1376 554 1426 Augzgfius
579 1376 762 1410 Lebrechc
784 1378 910 1417 Back,
945 1380 1191 1423 Corbussenfis,
1221 1380 1348 1413 veteris
1375 1380 1540 1413 Graeciae
1566 1378 1685 1411 laudes

276 1425 534 1468 praedicaturus
560 1424 722 1456 carmine
751 1424 982 1457 Germanico.

368 1607 423 1639 Ne
453 1617 539 1640 vero
569 1605 628 1639 hic
660 1606 800 1639 libellus
833 1613 1034 1650 argumento
1059 1608 1103 1640 ad
1124 1609 1263 1650 literas,
1297 1620 1383 1653 quae
1406 1609 1448 1642 ab
1470 1607 1687 1641 humanitate

276 1651 502 1696 appellantur,
528 1653 722 1696 pertinente
747 1652 925 1686 destitutus
952 1653 999 1695 sit,
1030 1654 1259 1696 quaestionem
1276 1655 1318 1687 de
1333 1655 1557 1695 anacoluthis,
1583 1664 1685 1696 quam

274 1698 444 1740 superiori
467 1709 556 1729 anno
580 1697 820 1730 inchoavimus
842 1699 969 1742 magis,
994 1711 1096 1742 quam
1118 1700 1396 1743 profligavimus‚
1421 1700 1533 1734 denuo
1555 1700 1592 1731 iu
1612 1710 1686 1731 ma-

274 1753 338 1775 nus
361 1742 550 1784 sumamus,
576 1748 610 1775 et
633 1751 720 1786 quae
743 1754 787 1776 ex
809 1743 872 1776 ino
897 1750 1053 1787 tempore
1077 1752 1299 1779 occurrerunt
1322 1747 1421 1779 nobis
1446 1746 1567 1778 eodem
1591 1744 1686 1787 spec-

273 1789 381 1821 tantia
418 1788 632 1831 adjiciamus.
694 1789 750 1822 Ibi
788 1788 1099 1823 anacoluthorum
1140 1792 1293 1834 primum
1332 1804 1436 1835 genus
1476 1791 1543 1823 hoe
1575 1790 1686 1833 posui,

274 1845 380 1875 quum
411 1845 431 1865 e
466 1834 598 1866 duobus
629 1835 809 1867 membris·
836 1836 982 1868 alterum
1023 1838 1135 1878 priori
1174 1838 1364 1880 oppositum
1403 1837 1686 1879 supprimeretur,

274 1877 479 1918 seeundum,
514 1878 605 1921 quod
638 1891 657 1910 e
681 1881 881 1913 continuata
905 1881 1093 1924 parenthesi
1118 1883 1280 1916 oriretur.
1327 1885 1382 1916 De
1405 1882 1481 1914 loco
1505 1883 1605 1914 Biut.v
1628 1882 1685 1920 31,

278 1935 352 1957 121.
407 1923 554 1963 Iovem,
584 1921 689 1978 ficut
718 1925 826 1972 ajunt
857 1923 1096 1975 philosophi,
1126 1926 1168 1975 fi
1206 1929 1344 1963 Graece
1369 1930 1599 1976 loqueretur,
1625 1925 1688 1974 ,fic

276 1968 394 2013 loqui,
430 1970 553 2002 effetne
582 1971 643 2001 1lle
675 1971 718 2001 ad
751 1972 843 2003 hunc
867 1974 1008 2005 modum
1034 1975 1256 2016 explicandus
1281 1982 1315 2008 et
1339 1977 1592 2019 defendendus,
1622 1980 1688 2012 du-

274 2014 383 2048 bitare
417 2026 472 2047 me
505 2015 658 2048 dicebam
690 2027 726 2059 p.
759 2027 799 2058 7,
836 2016 917 2051 dum
950 2018 1208 2053 constructionis
1239 2022 1424 2057 accusativi
1458 2035 1536 2057 cum
1559 2024 1686 2059 infinit·

275 2067 352 2095 ante
382 2061 600 2105 parenthesin
628 2062 1033 2108 inchoataeexcmplum
1053 2065 1244 2100 afferretur.
1294 2070 1380 2102 Tale
1404 2070 1545 2113 quidem
1569 2080 1688 2105 exem-
