1968 2561
863 163 1115 199 -8-

280 253 395 287 forma
427 252 474 286 cst
500 253 565 287 Or.
601 253 637 295 1,
671 261 736 294 29,
777 253 852 286 133.
878 251 951 286 vid.
975 252 1021 285 ib.
1047 262 1082 295 p.
1109 250 1142 285 6.
1189 250 1248 285 Sic
1272 251 1337 286 Or.
1361 252 1399 292 Ι,
1424 253 1488 297 24,
1523 263 1601 290 ιιι.
1628 266 1702 292 mo-

279 297 443 332 derabor
477 293 581 344 ipse,
618 310 682 338 ne,
724 304 767 329 ut
792 298 941 341 quidam
968 295 1145 345 magister
1170 303 1279 342 atque
1304 293 1471 376 artilex,
1495 295 1571 349 sed
1597 301 1703 351 quast

282 355 379 378 unns
410 356 430 376 e
462 350 682 386 togatorum
714 353 863 375 numero
896 350 1006 387 atque
1030 354 1076 376 ex
1098 337 1253 419 foretlzfi
1278 338 1347 391 usu
1400 357 1481 378 omo
1507 347 1703 382 mediocris

280 402 395 434 neque
425 391 572 422 omnino
607 388 730 425 rudis,
772 387 919 426 videar,
961 400 1028 420 non
1063 382 1144 436 ipse
1175 389 1321 433 aiquid
1353 401 1378 422 a
1410 403 1465 425 me
1488 390 1701 443 promffiffe,

275 431 350 487 secl
374 432 552 484 fortuito
586 435 625 466 in
650 428 859 482 sermonem
891 432 1047 510 vezslrum
1073 433 1188 465 incidi
1219 446 1237 465 e
1246 446 1261 472 ;
1295 436 1343 467 ita
1366 437 1499 479 pergit,
1537 451 1575 470 ao
1598 442 1621 471 fi
1648 442 1702 472 ‹fi-

281 482 404 523 xiffet‚'
430 479 651 514 moderabor
675 473 775 528 ipse,
809 485 848 512 ut
872 479 920 513 νίι
933 490 1017 517 ear,
1043 490 1112 512 non
1139 479 1178 522 ip
1202 491 1220 511 e
1247 485 1310 512 etc.
1357 491 1437 515 nam
1461 492 1505 514 ne
1529 494 1603 516 non
1627 484 1703 518 sen-

281 529 354 562 sum
389 527 599 559 contrarium
633 525 686 564 oi,
724 526 784 568 qui
807 526 1019 567 requiritur,
1048 525 1162 558 efficit.
1211 526 1280 557 Off.
1305 527 1341 566 1,
1377 538 1416 568 7,
1450 531 1507 561 23.
1556 530 1701 563 Funda-

280 579 441 608 mentum
475 578 598 606 autern
623 568 800 618 jlfil'tl'ae
825 568 876 618 esc'
891 568 1014 618 fides,
1044 569 1085 603 id
1109 569 1183 619 esi,
1216 569 1401 603 dictorum
1427 581 1701 608 conventorum-

281 632 352 666 -que
378 617 593 667 constantia
619 623 655 649 et
680 617 839 650 veritas.-
876 628 923 649 ex
950 626 1041 661 quo,
1074 627 1293 662 quamquam
1319 617 1390 650 hoc
1413 618 1598 654 videbitur
1612 617 1702 669 for-

283 662 378 714 taffe
410 664 571 707 cuipiam
605 662 753 700 durius,
797 668 920 694 tamen
954 662 1157 695 audeamus
1188 664 1334 696 imitari
1368 664 1536 705 Stoicos,
1578 668 1702 700 creda-

285 722 451 755 musque,
489 710 579 754 quia
599 707 698 757 fiat,
733 707 833 752 quod
858 707 997 740 dictum
1023 706 1098 755 est,
1136 707 1369 751 appellatam
1385 708 1515 758 fidem.
1562 714 1621 745 ubi
1646 715 1703 746 ni-

283 759 356 797 hil,
390 756 481 798 quod
508 766 631 797 operae
655 758 808 795 pretium
835 754 932 793 esset,
965 755 1080 786 attulit
1102 754 1331 796 Heufingerus
1356 766 1389 797 p.
1414 756 1467 791 60,
1493 767 1526 789 ο.
1574 760 1703 791 Dicere

285 808 400 836 autem
433 800 627 832 instituerat
659 799 800 831 Cicero:
838 810 884 831 ex
908 809 1000 843 quo,
1031 798 1120 843 qnia
1135 796 1209 846 fit,
1246 798 1344 843 quod
1369 799 1507 832 dictum
1533 800 1602 849 esi,
1636 815 1701 846 ap-

283 847 429 891 pellata
461 844 512 893 esi
535 843 649 891 fides.
705 845 756 877 lb.
793 846 833 885 5,
873 847 925 877 15.
966 843 1069 893 Quae
1101 851 1263 888 quatuor
1297 856 1515 891 quamquam
1542 850 1640 883 inter
1655 844 1703 903 se

283 892 471 935 colligata
506 896 618 935 atque
652 888 850 932 implicata
876 884 990 937 suut,
1034 896 1156 922 tamen
1188 901 1234 922 ex
1247 887 1412 938 singulis
1438 899 1543 924 certa
1568 905 1589 925 ο
1652 906 1702 928 ιο-

282 951 362 973 rum
393 948 532 980 genera
565 942 793 968 nascuntur.-
836 936 937 969 velnt
969 947 1012 968 ex
1036 948 1076 968 ea
1100 943 1215 979 parte,
1245 947 1337 980 quae
1361 938 1485 980 prima
1509 939 1553 971 de
1576 941 1703 984 cripta

283 988 301 1017 ’ρ
322 993 359 1021 t,
394 1001 413 1007 -
437 1001 456 1007 -
482 983 540 1013 ine
559 988 574 1012 t
608 980 809 1021 indagatio
844 987 955 1024 atque
981 981 1144 1014 inventio
1170 982 1254 1014 veri.
1304 984 1419 1015 Miror
1442 985 1701 1028 Heufingerum,

282 1032 343 1073 qui
366 1027 653 1062 constructionem
679 1038 726 1059 est
749 1037 794 1059 ea
817 1032 934 1070 parte·
951 1024 1048 1075 incjl
1071 1032 1248 1071 comparet
1272 1038 1350 1059 cum
1374 1028 1624 1072 locutionibus,
1655 1042 1703 1064 ex

283 1077 355 1109 hac
383 1079 512 1116 parte,
550 1072 679 1117 aliqua
711 1083 758 1105 ex
789 1080 920 1115 parte,
967 1084 1053 1115 quae
1085 1073 1300 1105 diverfiffima
1331 1073 1428 1114 sunt,
1465 1077 1700 1118 nec-viderit,

284 1121 519 1154 continuatam
553 1118 617 1149 effe
650 1130 670 1149 a
703 1119 871 1150 Cicerone
912 1118 1196 1150 constructionem
1225 1118 1462 1160 praecedentis
1495 1119 1701 1155 sententiae:

279 1168 379 1201 velut
411 1176 456 1198 ex
481 1176 524 1198 ea
546 1170 659 1208 parte
682 1164 849 1205 nascitur,
884 1162 957 1207 post
981 1163 1234 1197 enuntiationes
1257 1169 1372 1197 autem
1394 1164 1701 1209 interpositaeim-

281 1217 467 1251 mutatam,
502 1211 592 1253 quast
617 1210 836 1252 praeceffiss‘ct
859 1211 898 1241 in
923 1221 965 1241 ea
989 1216 1102 1251 parte
1126 1208 1229 1257 inest.
1546 1241 1549 1248 ,

373 1257 643 1296 Nonnumquam
677 1256 781 1287 ctiam
815 1266 833 1286 e
858 1255 991 1286 duobus
1017 1256 1198 1295 membris,
1228 1267 1314 1297 quae
1342 1255 1385 1287 ad
1407 1263 1515 1288 unum
1539 1257 1700 1301 idemque

283 1306 387 1345 caput
415 1299 542 1332 referri
573 1298 760 1338 debebant,
803 1297 950 1330 alterum
991 1296 1192 1330 sententiam
1223 1310 1292 1330 nou
1325 1299 1464 1331 aliunde
1494 1301 1700 1343 pendentem

285 1346 473 1379 constituit.
521 1343 801 1386 Frequentiffima
827 1341 902 1375 sunt
925 1342 1027 1380 talia,
1059 1348 1099 1375 ut
1122 1344 1184 1376 Or.
1211 1344 1247 1384 I,
1275 1355 1339 1386 27,
1376 1346 1439 1378 125
1464 1345 1535 1377 has
1559 1343 1699 1396 causas

285 1389 510 1426 inveniebam
539 1389 655 1426 duas,
692 1399 824 1426 unam,
865 1387 964 1432 quod
989 1386 1241 1431 intelligerent
1267 1395 1330 1422 etc.
1377 1391 1453 1422 Iam
1476 1390 1570 1433 sequi
1595 1393 1700 1427 debe-

285 1440 362 1478 bat,
404 1436 584 1472 alteram,
627 1435 727 1478 quod
760 1441 965 1466 ceterarum
1002 1435 1169 1466 homines
1194 1435 1332 1468 artium
1357 1455 1376 1460 -
1400 1442 1606 1478 putantur:
1642 1441 1699 1474 scd

283 1495 349 1527 pro
383 1494 424 1514 co
456 1482 519 1513 est:
557 1479 689 1514 Altera
720 1478 780 1528 ‘st‘
804 1480 929 1517 haec„
956 1478 1002 1511 de
1034 1490 1108 1523 qua
1139 1481 1245 1524 queri
1259 1476 1378 1528 saepe
1394 1476 1503 1528 soleo
1529 1489 1594 1516 etc.
1642 1486 1697 1519 Cf.

283 1529 351 1561 Off.
384 1529 421 1568 1,
458 1538 515 1560 20.
546 1527 594 1559 in.
650 1527 732 1559 Non
758 1525 872 1558 mitius
896 1524 1078 1568 frequens,
1115 1524 1171 1557 sed
1195 1525 1293 1569 saepe
1317 1527 1518 1564 obliterata,
1550 1530 1698 1564 variatio

279 1574 470 1607 structurae
501 1573 588 1605 haec
612 1571 659 1603 est
682 1571 725 1603 de
750 1572 813 1604 Or.
838 1571 911 1611 111,
939 1573 1002 1610 31,
1034 1572 1112 1604 123.
1136 1570 1332 1604 dummodo
1357 1570 1426 1603 illa
1451 1571 1503 1603 ad
1527 1573 1626 1606 hanc
1649 1577 1698 1609 ci-

280 1619 384 1654 vilem
402 1613 624 1668 scientiam,
655 1627 725 1662 quo
750 1616 940 1660 pertinent
967 1622 1005 1648 et
1028 1626 1138 1660 quam
1164 1617 1374 1655 intuentur,
1407 1613 1694 1666 transferamus,

282 1663 416 1711 neque,
460 1670 503 1697 ut
535 1670 621 1696 ante
654 1663 757 1702 dixi,
791 1674 928 1696 omnem
957 1669 1124 1696 teramus
1148 1664 1187 1696 in
1214 1663 1276 1695 Itis
1291 1662 1489 1697 discendis
1513 1665 1618 1700 rebus
1641 1680 1697 1701 ae-

283 1718 420 1751 tatem3
450 1705 543 1759 sed,
577 1721 684 1754 quum
698 1704 842 1757 ,fontes
870 1708 1068 1742 viderimus
1092 1729 1111 1735 -
1134 1730 1154 1736 -
1177 1721 1224 1743 ex
1247 1709 1295 1742 iis
1320 1715 1487 1749 tantum,
1519 1719 1697 1755 qnantum

282 1769 342 1791 res
374 1763 494 1800 petet,
536 1756 745 1788 hauriemus
777 1768 840 1799 pro
872 1755 1114 1794 hauriamus,
1155 1756 1247 1800 quod
1277 1756 1388 1798 ipsum
1419 1757 1553 1790 Ernesti
1576 1760 1697 1803 edidit,

279 1805 319 1835 in
342 1803 469 1835 talibus
493 1802 560 1833 fine
584 1802 684 1833 libris
707 1808 868 1844 oportere
894 1802 1066 1844 corrigere
1089 1803 1239 1846 jactans,
1271 1802 1458 1834 vcriffimae
1488 1808 1603 1836 tamen
1625 1806 1696 1849 ipse

280 1849 358 1882 suae
384 1847 629 1880 observationis
654 1847 836 1880 immemor
860 1846 902 1879 ad
926 1848 982 1888 ΙΙ,
1008 1858 1079 1890 72,4
1096 1853 1167 1880 not.
1192 1847 1249 1880 46.
1296 1847 1436 1880 Monuit
1460 1847 1503 1880 de
1521 1849 1588 1881 hoc
1607 1862 1698 1883 non-

278 1895 377 1927 nulla
407 1893 638 1936 Heuflngerus
671 1893 714 1924 ad
739 1892 806 1925 Off.
832 1904 866 1935 p.
892 1893 949 1925 25.
973 1894 1005 1925 b.
1032 1894 1091 1935 qui
1116 1899 1229 1925 tamen
1254 1892 1499 1926 observationis
1522 1894 1599 1928 suae
1622 1909 1696 1929 me-

279 1939 414 1972 minisse
438 1939 583 1970 debebat
606 1938 709 1970 etiam
736 1938 804 1970 Off.
830 1939 866 1978 Ι,
896 1940 936 1978 5,
965 1938 997 1970 G.
1024 1945 1058 1971 et
1083 1951 1162 1971 eum
1187 1939 1302 1971 locum
1327 1938 1370 1970 fic
1395 1938 1618 1983 distinguere:
1642 1950 1696 1976 ,ut

277 1992 314 2019 et
331 1979 515 2033 societas.
536 1983 720 2017 hominum
752 1983 1036 2032 conjunctioque
1052 1980 1245 2034 servetur,
1277 1990 1313 2016 et
1336 1984 1451 2016 animi
1474 1985 1696 2021 excellentia

277 2030 564 2074 magnitudoque
589 2049 606 2055 -
626 2050 645 2055 —
670 2029 833 2069 eluceat,·
863 2030 957 2063 ordo
983 2038 1106 2063 autem
1131 2037 1169 2064 et
1194 2028 1406 2079 conflantia
1428 2036 1465 2063 et
1487 2033 1694 2068 moderatio

276 2072 472 2125 versantur
506 2076 545 2108 in
573 2086 619 2107 eo
654 2086 783 2117 genere
808 2082 874 2109 etc.
931 2077 989 2108 Sic
1013 2089 1080 2120 pro
1104 2077 1294 2119 Participio
1319 2077 1460 2118 ponitur
1484 2080 1627 2111 verbum
1651 2081 1695 2112 fi-

274 2124 387 2157 nitum
421 2122 489 2157 off.
523 2123 561 2165 1,
602 2132 637 2156 2.
672 2122 867 2169 Sequemur
900 2122 1018 2167 igitur
1049 2122 1121 2158 hoc
1144 2120 1287 2169 quidem
1312 2127 1477 2166 tempore
1499 2130 1538 2157 et
1561 2125 1634 2158 hac
1654 2126 1694 2160 in
