1968 2561
722 137 976 174 ...9-

146 212 238 306 guae
259 226 360 261 tione
390 221 615 280 petiffimum
649 224 821 263 Stoicos,
866 235 939 258 non
971 230 1015 257 nt
1038 224 1280 267 interpretes,
1305 219 1381 272 sed
1403 234 1423 255 e
1434 216 1562 270 fonti·

170 285 214 306 us
238 284 362 306 eorum
377 271 525 319 judicio
542 270 811 317 varbitratuque
835 269 986 319 nostro,
1011 277 1190 315 quantum
1215 279 1354 315 quoque
1377 267 1488 302 modo
1514 269 1562 302 νὶ-

147 317 313 356 debitur,
348 318 570 350 hauriemus.
618 318 687 349 Ubi
710 322 804 349 recte
831 317 917 349 Ern.
942 317 1186 350 animadvertit
1210 316 1339 348 dictum
1365 314 1561 357 oportniffe‚

148 375 220 397 non
246 369 288 396 ut
312 363 560 405 interpretes,
582 357 663 439 {ed
684 381 703 387 -
729 362 964 400 haurientes,
998 363 1113 395 minue
1136 366 1231 394 reete
1254 360 1347 392 idem
1373 361 1421 392 ita
1444 360 1562 401 legeu-

148 410 230 442 dum
262 409 442 441 existimat.
499 409 579 449 Quo
635 407 796 451 Heufiug.
831 407 935 450 dicit,
969 406 1123 441 Durum
1147 405 1238 438 mihi
1263 404 1408 439 videtur
1435 405 1563 449 Seque-

148 465 229 487 mur
252 473 271 479 -
294 453 510 486 haurientes
534 453 639 485 nihili
664 453 723 487 est.
833 467 836 470 ·

241 502 508 543 Nonnumquam
541 500 646 531 etiam
678 498 765 532 duae
798 498 1065 533 constructiones
1097 498 1298 539 conjunctae
1320 495 1545 540 reperiuntur
1553 507 1563 536 ;

149 546 240 589 quod
266 545 551 578 anacoluthon-um
576 545 633 576 vel
658 545 809 577 variatae
834 545 1020 578 structurae
1044 556 1148 585 genus
1174 543 1264 587 apud
1290 544 1442 575 Graecos
1467 540 1564 573 latis—

149 591 229 624 fime
257 596 361 634 patet.
415 591 506 623 Nam
539 589 627 627 hoc,
668 588 769 622 Illuc
798 589 944 635 quidem
976 589 1116 622 adduci
1147 590 1208 623 vix
1239 583 1401 637 pqffum,
1439 592 1483 620 ut
1506 597 1563 624 ea,

150 646 243 680 quae
259 631 426 684 senserit
449 635 531 673 ille,
571 634 644 669 tibi
667 647 741 669 non
767 648 855 670 vera
887 636 1081 670 videantur
1115 637 1195 668 Fin.
1226 636 1263 676 I,
1301 636 1342 674 5,
1379 634 1434 666 13.
1459 638 1493 665 et
1517 632 1564 664 il·-

150 681 230 722 lud,
275 687 317 713 ut
341 681 425 728 jam
459 680 585 714 videar
616 681 775 721 adduci,
794 681 908 715 ‘hanc
940 693 1099 727 quoque,
1139 692 1231 726 quae
1266 687 1303 712 te
1335 678 1563 721 procreavit.

153 720 221 774 effe
250 728 418 769 patriam
453 733 578 764 tuam,
609 728 695 770 Leg.
719 729 774 767 11,
804 730 837 761 3.
863 729 973 760 mixta
996 728 1073 760 sunt
1095 739 1114 759 e
1138 727 1269 759 duabus
1296 724 1564 757 constructioni-

152 773 232 812 bus,
262 783 405 814 quarum
438 772 546 803 altera
570 772 641 815 post
666 771 823 811 adduci,
864 774 971 805 altera
992 772 1066 816 post
1090 770 1301 821 existimare
1324 771 1489 813 legitima*
1505 768 1563 801 est.

153 817 235 850 Vid.
261 818 366 850 Goer.
389 816 433 848 ad
455 817 539 859 ch.
565 818 589 850 l.
613 829 641 850 c.
691 819 749 850 Sic
777 819 818 850 de
867 829 942 850 rov.
966 817 1056 850 cons.
1085 818 1146 859 16,
1171 819 1227 859 39.
1253 827 1339 848 nam
1364 821 1405 848 ut
1434 815 1476 848 G.
1500 814 1563 847 Ju-

154 861 249 900 lius,
273 881 291 887 —
315 881 334 887 -
356 873 423 904 per
454 866 563 905 quem*
590 857 754 896 ordinem
787 864 827 906 ip
850 876 868 895 e
900 860 1156 910 ampliffimam
1171 860 1231 909 fit
1252 861 1416 905 gloriam
1440 854 1566 909 conse-

154 914 279 946 cutus,
307 907 341 941 ei
364 918 408 940 ne
431 905 640 941 libertatem
665 908 807 953 quidem
832 908 1038 954 relinquat,
1066 907 1201 941 adduci
1225 907 1275 939 ad
1319 902 1565 956 uspicandum

154 953 255 986 nullo
288 952 397 986 modo
426 949 592 1001 poffum,
629 955 689 987 ubi
721 961 762 987 ut
795 954 981 999 relinquat
1013 954 1138 997 pendet
1159 955 1200 987 ab
1300 954 1456 986 acinon
1477 944 1565 998 pos-

146 994 256 1048 sum,
292 1009 496 1041 quamquam
522 999 564 1029 ad
589 1000 733 1031 verBum
750 993 1023 1047 suspicandum
1048 1001 1172 1032 referri
1196 1000 1393 1041 oportebat,
1435 998 1477 1031 G.
1501 998 1564 1031 Ju-

156 1045 242 1078 lium
277 1055 350 1076 non
385 1041 598 1077 relicturum
629 1038 708 1093 ff·
767 1043 813 1078 Ut
844 1045 881 1078 in
914 1044 970 1078 his
996 1044 1203 1077 constructio
1229 1043 1354 1087 pendet
1381 1054 1426 1075 ex
1456 1043 1564 1073 verbo

157 1091 249 1132 quod
282 1090 318 1122 in
351 1094 465 1121 mente
496 1095 629 1122 tantum
655 1091 799 1123 habebat
824 1091 989 1133 scriptor,
1018 1090 1061 1122 sne
1086 1092 1149 1123 Or.
1175 1091 1212 1130 1,
1246 1101 1306 1131 19,
1336 1089 1390 1122 86.
1417 1098 1565 1133 quaere-

155 1134 243 1173 bat,
269 1145 333 1167 eur
357 1133 402 1165 de
423 1134 624 1177 prooemiis
648 1141 686 1167 et
709 1134 755 1167 de
774 1135 935 1179 epilogis
959 1142 997 1168 et
1015 1134 1062 1167 de
1077 1134 1290 1180 hujusmodi
1305 1135 1415 1177 nugis
1433 1127 1568 1180 refe‘rti

156 1178 270 1229 effen&
298 1191 420 1213 eorum
452 1179 557 1217 libri,
594 1181 717 1214 Cicero
745 1182 932 1225 cogitabat,
972 1192 1039 1213 eur
1069 1180 1261 1224 praeceptis
1292 1179 1337 1212 de
1360 1179 1566 1223 prooemiis

157 1221 293 1271 referti
325 1221 438 1271 effent
470 1235 593 1256 eorum
628 1224 653 1257 l.
686 1232 721 1257 et
743 1227 790 1257 ib.
817 1229 880 1266 23,
916 1229 993 1259 108.
1020 1226 1120 1258 Nam
1135 1223 1175 1272 Ji
1198 1237 1264 1258 ars
1290 1227 1351 1259 ita*
1372 1223 1564 1274 definitur,

157 1277 200 1302 ut
231 1268 348 1313 paulo
383 1273 470 1300 ante
497 1265 674 1317 exposuit
710 1269 916 1308 Antonius,
957 1282 1003 1303 ex
1037 1269 1144 1303 rebus
1173 1271 1325 1312 penitus
1355 1265 1451 1317 pers
1470 1271 1565 1302 ectis

156 1314 335 1360 planeque
366 1313 550 1357 cognitis,
592 1317 629 1346 in
660 1315 775 1348 animo
805 1315 972 1358 habebat,
1008 1325 1079 1349 con
1098 1322 1180 1348 tare
1210 1326 1290 1348 eam
1321 1315 1375 1348 seu
1400 1282 1493 1366 fii
1518 1326 1566 1347 ex

156 1361 272 1395 rebus.
330 1366 367 1392 ut
397 1361 486 1392 male
510 1360 560 1392 ibi
584 1359 765 1393 Schiitziua
790 1361 879 1393 illud
902 1372 949 1394 ex
972 1361 1030 1394 suo
1054 1362 1198 1394 arbitrio
1222 1361 1421 1405 expunxiffe
1445 1360 1565 1394 videa-

157 1414 226 1441 tur.
274 1406 386 1449 Magis
414 1406 516 1438 etiam
541 1404 689 1438 notanda
713 1405 761 1438 est
787 1406 931 1439 duarum
958 1407 1245 1440 constructionum
1272 1407 1423 1440 eonfufio
1448 1409 1512 1439 Or.
1536 1408 1565 1447 I,

157 1455 221 1490 32,
260 1452 336 1494 146.
373 1450 510 1484 V'erum
542 1462 608 1493 ego
641 1451 738 1484 hanc
768 1452 838 1485 vim
864 1452 1033 1495 intelligo
1057 1449 1126 1506 ste
1151 1453 1189 1485 in
1214 1454 1429 1496 praeceptis
1454 1452 1566 1486 omni-

156 1497 240 1535 bus,
274 1506 348 1529 non
382 1501 425 1528 ut
456 1507 499 1527 ea
553 1496 651 1529 ecuti
682 1503 855 1530 oratores
885 1497 1115 1542 eloquentiae
1146 1498 1289 1530 laudem
1312 1497 1397 1547 flnt
1421 1498 1565 1541 adepti,

147 1539 239 1592 sed,
275 1552 368 1585 quae
392 1535 471 1588 sua
521 1547 638 1584 ponte
669 1541 834 1577 homines
858 1542 1065 1588 eloquentes
1081 1542 1283 1591 facerent,
1318 1556 1361 1577 ea
1385 1543 1564 1589 quosdam

156 1581 362 1636 observaffe
386 1592 498 1631 atque
522 1583 717 1636 digeffiffi,
749 1589 842 1632 quod
865 1590 1003 1632 breyiua
1033 1591 1164 1623 dictum
1188 1590 1235 1622 est
1283 1602 1341 1623 ro:
1381 1591 1470 1622 hane
1493 1591 1567 1623 vim

154 1634 315 1675 intelligo
337 1631 401 1664 effe
424 1633 463 1664 in
483 1637 675 1677 praeceptis
699 1635 889 1677 omnibus,¹
905 1633 975 1668 non
997 1641 1037 1668 ut
1059 1647 1100 1668 ea
1123 1635 1228 1668 secuti
1252 1648 1270 1668 e
1283 1636 1468 1679 oquentiae
1487 1635 1566 1668 lau-

156 1679 234 1712 dem
265 1677 514 1720 adipiscamur3
549 1679 706 1722 intelligo
729 1680 830 1719 ‘enim
864 1692 933 1712 non
958 1692 998 1713 ea
1022 1680 1150 1714 secutos
1175 1686 1327 1716 oratores
1351 1682 1565 1725 eloquentiae

154 1725 290 1771 laudem
314 1723 378 1755 effe
404 1724 565 1767 adeptos,
593 1724 650 1757 sed
670 1744 691 1750 -
714 1724 900 1759 observaffe
924 1732 1024 1770 atque
1049 1726 1218 1771 digeffiffe.

245 1814 470 1858 Altenburgi‚
500 1797 532 1848 e.
557 1815 590 1849 d.
616 1818 673 1851 X.-
690 1817 763 1850 Cal.
787 1818 874 1859 Dec.
902 1819 1001 1851 1810.
