<?xml version="1.0" encoding="UTF-8"?>
<!DOCTYPE html PUBLIC "-//W3C//DTD XHTML 1.0 Transitional//EN"
    "http://www.w3.org/TR/xhtml1/DTD/xhtml1-transitional.dtd">
<html xmlns="http://www.w3.org/1999/xhtml" xml:lang="en" lang="en">
 <head>
  <title>
</title>
<meta http-equiv="Content-Type" content="text/html;charset=utf-8" />
  <meta name='ocr-system' content='tesseract 3.04.00' />
  <meta name='ocr-capabilities' content='ocr_page ocr_carea ocr_par ocr_line ocrx_word'/>
</head>
<body>
  <div class='ocr_page' id='page_1' title='image "4626083_0014.png"; bbox 0 0 1968 2561; ppageno 0'>
   <div class='ocr_carea' id='block_1_1' title="bbox 891 87 1141 125">
    <p class='ocr_par' dir='ltr' id='par_1_1' title="bbox 891 87 1141 125">
     <span class='ocr_line' id='line_1_1' title="bbox 891 87 1141 125; baseline 0.004 -9"><span class='ocrx_word' id='word_1_1' title='bbox 891 87 1141 125; x_wconf 75' lang='grc'><strong>...6-</strong></span> 
     </span>
    </p>
   </div>
   <div class='ocr_carea' id='block_1_2' title="bbox 279 186 1754 2088">
    <p class='ocr_par' dir='ltr' id='par_1_2' title="bbox 279 186 1754 2088">
     <span class='ocr_line' id='line_1_2' title="bbox 306 186 1731 232; baseline 0 -10"><span class='ocrx_word' id='word_1_2' title='bbox 306 190 375 231; x_wconf 83' lang='lat'><strong><em>11,.-</em></strong></span> <span class='ocrx_word' id='word_1_3' title='bbox 396 189 462 231; x_wconf 82' lang='grc'><strong><em>59,</em></strong></span> <span class='ocrx_word' id='word_1_4' title='bbox 494 197 571 221; x_wconf 87' lang='grc' dir='ltr'><strong><em>ιοι.</em></strong></span> <span class='ocrx_word' id='word_1_5' title='bbox 607 186 650 219; x_wconf 82' lang='lat' dir='ltr'><strong><em>de</em></strong></span> <span class='ocrx_word' id='word_1_6' title='bbox 681 190 753 229; x_wconf 75' lang='lat' dir='ltr'><strong><em>opt.</em></strong></span> <span class='ocrx_word' id='word_1_7' title='bbox 788 197 865 229; x_wconf 85' lang='lat' dir='ltr'><strong><em>gen.</em></strong></span> <span class='ocrx_word' id='word_1_8' title='bbox 899 197 950 219; x_wconf 83' lang='lat' dir='ltr'><strong><em>or.</em></strong></span> <span class='ocrx_word' id='word_1_9' title='bbox 985 187 1018 220; x_wconf 85' lang='lat'><strong><em>6.</em></strong></span> <span class='ocrx_word' id='word_1_10' title='bbox 1043 188 1102 220; x_wconf 89' lang='lat' dir='ltr'><strong><em>Sic</em></strong></span> <span class='ocrx_word' id='word_1_11' title='bbox 1121 188 1180 226; x_wconf 72' lang='lat' dir='ltr'><strong><em>is,</em></strong></span> <span class='ocrx_word' id='word_1_12' title='bbox 1213 186 1298 226; x_wconf 82' lang='lat' dir='ltr'><strong><em>ille,</em></strong></span> <span class='ocrx_word' id='word_1_13' title='bbox 1332 188 1396 221; x_wconf 75' lang='lat' dir='ltr'><strong><em>hic</em></strong></span> <span class='ocrx_word' id='word_1_14' title='bbox 1417 186 1491 231; x_wconf 85' lang='lat' dir='ltr'><strong><em>post</em></strong></span> <span class='ocrx_word' id='word_1_15' title='bbox 1513 187 1731 232; x_wconf 70' lang='lat' dir='ltr'><strong><em>parenthesin</em></strong></span> 
     </span>
     <span class='ocr_line' id='line_1_3' title="bbox 306 231 1731 278; baseline 0 -11"><span class='ocrx_word' id='word_1_16' title='bbox 306 235 420 268; x_wconf 84' lang='lat' dir='ltr'><strong><em>denuo</em></strong></span> <span class='ocrx_word' id='word_1_17' title='bbox 444 233 614 274; x_wconf 77' lang='lat' dir='ltr'><strong><em>infertur,</em></strong></span> <span class='ocrx_word' id='word_1_18' title='bbox 647 231 803 275; x_wconf 70' lang='lat' dir='ltr'><strong><em>quamvis</em></strong></span> <span class='ocrx_word' id='word_1_19' title='bbox 827 231 970 273; x_wconf 51' lang='lat' dir='ltr'><strong><em>hit-,vel</em></strong></span> <span class='ocrx_word' id='word_1_20' title='bbox 994 232 1089 266; x_wconf 74' lang='lat' dir='ltr'><strong><em>aliud</em></strong></span> <span class='ocrx_word' id='word_1_21' title='bbox 1113 244 1214 277; x_wconf 86' lang='lat' dir='ltr'><strong><em>pron.</em></strong></span> <span class='ocrx_word' id='word_1_22' title='bbox 1239 234 1312 278; x_wconf 71' lang='lat' dir='ltr'><strong><em>ejus</em></strong></span> <span class='ocrx_word' id='word_1_23' title='bbox 1335 234 1471 277; x_wconf 70' lang='lat' dir='ltr'><strong><em>generis</em></strong></span> <span class='ocrx_word' id='word_1_24' title='bbox 1495 233 1731 277; x_wconf 74' lang='lat' dir='ltr'><strong><em>praecess‘erat.</em></strong></span> 
     </span>
     <span class='ocr_line' id='line_1_4' title="bbox 306 272 1730 326; baseline -0.001 -13"><span class='ocrx_word' id='word_1_25' title='bbox 306 282 385 314; x_wconf 85' lang='lat' dir='ltr'><strong><em>Inv.</em></strong></span> <span class='ocrx_word' id='word_1_26' title='bbox 410 281 445 321; x_wconf 92' lang='grc' dir='ltr'><strong><em>Ι,</em></strong></span> <span class='ocrx_word' id='word_1_27' title='bbox 473 280 514 313; x_wconf 89' lang='grc'><strong><em>51</em></strong></span> <span class='ocrx_word' id='word_1_28' title='bbox 529 303 539 319; x_wconf 88' lang='grc'><strong>,</strong></span> <span class='ocrx_word' id='word_1_29' title='bbox 574 280 631 312; x_wconf 83' lang='lat'><strong><em>52.</em></strong></span> <span class='ocrx_word' id='word_1_30' title='bbox 646 272 805 325; x_wconf 81' lang='lat' dir='ltr'><strong><em>factum</em></strong></span> <span class='ocrx_word' id='word_1_31' title='bbox 827 276 903 326; x_wconf 68' lang='lat' dir='ltr'><strong><em>esi,</em></strong></span> <span class='ocrx_word' id='word_1_32' title='bbox 939 284 982 311; x_wconf 89' lang='lat' dir='ltr'><strong><em>ut</em></strong></span> <span class='ocrx_word' id='word_1_33' title='bbox 1004 279 1117 312; x_wconf 87' lang='lat' dir='ltr'><strong><em>etiam</em></strong></span> <span class='ocrx_word' id='word_1_34' title='bbox 1142 279 1251 321; x_wconf 84' lang='lat' dir='ltr'><strong><em>illud,</em></strong></span> <span class='ocrx_word' id='word_1_35' title='bbox 1288 279 1388 324; x_wconf 77' lang='lat' dir='ltr'><strong><em>quod</em></strong></span> <span class='ocrx_word' id='word_1_36' title='bbox 1413 278 1562 313; x_wconf 82' lang='lat' dir='ltr'><strong><em>dubium</em></strong></span> <span class='ocrx_word' id='word_1_37' title='bbox 1587 278 1730 313; x_wconf 78' lang='lat' dir='ltr'><strong><em>videba-</em></strong></span> 
     </span>
     <span class='ocr_line' id='line_1_5' title="bbox 304 318 1730 372; baseline -0.001 -13"><span class='ocrx_word' id='word_1_38' title='bbox 304 332 392 363; x_wconf 81' lang='lat' dir='ltr'><strong><em>tur,</em></strong></span> <span class='ocrx_word' id='word_1_39' title='bbox 420 322 461 372; x_wconf 84' lang='lat' dir='ltr'><strong><em>fi</em></strong></span> <span class='ocrx_word' id='word_1_40' title='bbox 494 324 577 369; x_wconf 86' lang='lat' dir='ltr'><strong><em>quis</em></strong></span> <span class='ocrx_word' id='word_1_41' title='bbox 599 318 813 371; x_wconf 84' lang='lat' dir='ltr'><strong><em>separatim</em></strong></span> <span class='ocrx_word' id='word_1_42' title='bbox 837 331 1051 368; x_wconf 86' lang='lat' dir='ltr'><strong><em>quaereret,</em></strong></span> <span class='ocrx_word' id='word_1_43' title='bbox 1085 325 1122 357; x_wconf 84' lang='lat' dir='ltr'><strong><em>id</em></strong></span> <span class='ocrx_word' id='word_1_44' title='bbox 1146 336 1218 366; x_wconf 86' lang='lat' dir='ltr'><strong><em>pro</em></strong></span> <span class='ocrx_word' id='word_1_45' title='bbox 1242 331 1343 367; x_wconf 82' lang='lat' dir='ltr'><strong><em>certo</em></strong></span> <span class='ocrx_word' id='word_1_46' title='bbox 1366 332 1525 368; x_wconf 88' lang='lat' dir='ltr'><strong><em>propter</em></strong></span> <span class='ocrx_word' id='word_1_47' title='bbox 1548 326 1730 358; x_wconf 80' lang='lat' dir='ltr'><strong><em>rationem</em></strong></span> 
     </span>
     <span class='ocr_line' id='line_1_6' title="bbox 308 366 1754 418; baseline 0 -15"><span class='ocrx_word' id='word_1_48' title='bbox 308 369 474 413; x_wconf 79' lang='lat' dir='ltr'><strong><em>rogandi</em></strong></span> <span class='ocrx_word' id='word_1_49' title='bbox 496 369 769 401; x_wconf 83' lang='lat' dir='ltr'><strong><em>concederetur.</em></strong></span> <span class='ocrx_word' id='word_1_50' title='bbox 819 370 957 402; x_wconf 87' lang='lat' dir='ltr'><strong><em>Cluent.</em></strong></span> <span class='ocrx_word' id='word_1_51' title='bbox 983 370 1024 410; x_wconf 88' lang='grc'><strong><em>6,</em></strong></span> <span class='ocrx_word' id='word_1_52' title='bbox 1054 381 1107 409; x_wconf 82' lang='grc'><strong><em>17.</em></strong></span> <span class='ocrx_word' id='word_1_53' title='bbox 1134 381 1208 403; x_wconf 84' lang='lat' dir='ltr'><strong><em>non</em></strong></span> <span class='ocrx_word' id='word_1_54' title='bbox 1232 382 1250 402; x_wconf 91' lang='lat' dir='ltr'><strong><em>e</em></strong></span> <span class='ocrx_word' id='word_1_55' title='bbox 1286 381 1340 401; x_wconf 90' lang='lat' dir='ltr'><strong><em>em</em></strong></span> <span class='ocrx_word' id='word_1_56' title='bbox 1365 370 1416 410; x_wconf 74' lang='lat' dir='ltr'><strong><em>ad</em></strong></span> <span class='ocrx_word' id='word_1_57' title='bbox 1440 369 1554 402; x_wconf 89' lang='lat' dir='ltr'><strong><em>ullam</em></strong></span> <span class='ocrx_word' id='word_1_58' title='bbox 1581 366 1730 418; x_wconf 88' lang='lat' dir='ltr'><strong><em>causam</em></strong></span> <span class='ocrx_word' id='word_1_59' title='bbox 1751 383 1754 385; x_wconf 90' lang='lat'>·</span> 
     </span>
     <span class='ocr_line' id='line_1_7' title="bbox 308 410 1731 462; baseline -0.001 -14"><span class='ocrx_word' id='word_1_60' title='bbox 308 415 486 452; x_wconf 82' lang='lat' dir='ltr'><strong><em>idoneus,</em></strong></span> <span class='ocrx_word' id='word_1_61' title='bbox 509 412 550 461; x_wconf 84' lang='lat' dir='ltr'><em>fi</em></span> <span class='ocrx_word' id='word_1_62' title='bbox 574 414 657 454; x_wconf 90' lang='lat' dir='ltr'><strong><em>hoc,</em></strong></span> <span class='ocrx_word' id='word_1_63' title='bbox 690 412 789 457; x_wconf 78' lang='lat' dir='ltr'><strong><em>quod</em></strong></span> <span class='ocrx_word' id='word_1_64' title='bbox 812 414 851 446; x_wconf 90' lang='lat' dir='ltr'><strong><em>in</em></strong></span> <span class='ocrx_word' id='word_1_65' title='bbox 876 412 1129 448; x_wconf 84' lang='lat' dir='ltr'><strong><em>communibus</em></strong></span> <span class='ocrx_word' id='word_1_66' title='bbox 1153 415 1341 448; x_wconf 77' lang='lat' dir='ltr'><strong><em>hominum</em></strong></span> <span class='ocrx_word' id='word_1_67' title='bbox 1357 410 1532 462; x_wconf 73' lang='lat' dir='ltr'><strong><em>sensibus</em></strong></span> <span class='ocrx_word' id='word_1_68' title='bbox 1556 421 1668 460; x_wconf 83' lang='lat' dir='ltr'><strong><em>atque</em></strong></span> <span class='ocrx_word' id='word_1_69' title='bbox 1691 416 1731 448; x_wconf 87' lang='lat' dir='ltr'><strong><em>in</em></strong></span> 
     </span>
     <span class='ocr_line' id='line_1_8' title="bbox 308 456 1730 508; baseline 0.001 -14"><span class='ocrx_word' id='word_1_70' title='bbox 308 456 396 507; x_wconf 80' lang='lat' dir='ltr'><strong><em>ipsa</em></strong></span> <span class='ocrx_word' id='word_1_71' title='bbox 421 467 565 492; x_wconf 85' lang='lat' dir='ltr'><strong><em>natura</em></strong></span> <span class='ocrx_word' id='word_1_72' title='bbox 588 456 752 506; x_wconf 82' lang='lat' dir='ltr'><strong><em>positum</em></strong></span> <span class='ocrx_word' id='word_1_73' title='bbox 778 465 891 503; x_wconf 83' lang='lat' dir='ltr'><strong><em>atque</em></strong></span> <span class='ocrx_word' id='word_1_74' title='bbox 916 458 1073 507; x_wconf 79' lang='lat' dir='ltr'><strong><em>infixum</em></strong></span> <span class='ocrx_word' id='word_1_75' title='bbox 1099 458 1169 508; x_wconf 69' lang='lat' dir='ltr'><strong><em>esi,</em></strong></span> <span class='ocrx_word' id='word_1_76' title='bbox 1203 461 1238 493; x_wconf 90' lang='lat' dir='ltr'><strong><em>id</em></strong></span> <span class='ocrx_word' id='word_1_77' title='bbox 1265 471 1333 502; x_wconf 82' lang='lat' dir='ltr'><strong><em>ego</em></strong></span> <span class='ocrx_word' id='word_1_78' title='bbox 1359 470 1432 492; x_wconf 87' lang='lat' dir='ltr'><strong><em>non</em></strong></span> <span class='ocrx_word' id='word_1_79' title='bbox 1458 460 1628 494; x_wconf 69' lang='lat' dir='ltr'><strong><em>viderem.</em></strong></span> <span class='ocrx_word' id='word_1_80' title='bbox 1675 460 1730 495; x_wconf 86' lang='lat' dir='ltr'><strong><em>cf.</em></strong></span> 
     </span>
     <span class='ocr_line' id='line_1_9' title="bbox 305 503 1732 552; baseline -0.001 -13"><span class='ocrx_word' id='word_1_81' title='bbox 305 509 411 539; x_wconf 77' lang='lat' dir='ltr'><strong><em>Verr.</em></strong></span> <span class='ocrx_word' id='word_1_82' title='bbox 438 507 511 543; x_wconf 87' lang='lat' dir='ltr'><strong><em>IV,</em></strong></span> <span class='ocrx_word' id='word_1_83' title='bbox 545 507 610 545; x_wconf 85' lang='lat'><strong><em>58,</em></strong></span> <span class='ocrx_word' id='word_1_84' title='bbox 652 506 729 537; x_wconf 85' lang='lat'><strong>130.</strong></span> <span class='ocrx_word' id='word_1_85' title='bbox 776 505 869 537; x_wconf 86' lang='lat' dir='ltr'><strong>Phil.</strong></span> <span class='ocrx_word' id='word_1_86' title='bbox 894 506 967 545; x_wconf 81' lang='lat'><strong><em>111,</em></strong></span> <span class='ocrx_word' id='word_1_87' title='bbox 1000 517 1040 547; x_wconf 92' lang='lat'><strong><em>7,</em></strong></span> <span class='ocrx_word' id='word_1_88' title='bbox 1074 508 1106 538; x_wconf 85' lang='lat'><strong><em>3.</em></strong></span> <span class='ocrx_word' id='word_1_89' title='bbox 1140 504 1367 537; x_wconf 83' lang='lat' dir='ltr'><em>Faciundum</em></span> <span class='ocrx_word' id='word_1_90' title='bbox 1391 503 1447 552; x_wconf 70' lang='lat' dir='ltr'><strong><em>est</em></strong></span> <span class='ocrx_word' id='word_1_91' title='bbox 1472 506 1591 547; x_wconf 84' lang='lat' dir='ltr'><strong><em>igitur·</em></strong></span> <span class='ocrx_word' id='word_1_92' title='bbox 1613 504 1732 543; x_wconf 78' lang='lat' dir='ltr'><strong><em>nohis,</em></strong></span> 
     </span>
     <span class='ocr_line' id='line_1_10' title="bbox 308 544 1731 599; baseline -0.001 -14"><span class='ocrx_word' id='word_1_93' title='bbox 308 553 353 585; x_wconf 90' lang='lat' dir='ltr'><strong><em>P.</em></strong></span> <span class='ocrx_word' id='word_1_94' title='bbox 383 550 424 584; x_wconf 87' lang='lat' dir='ltr'><strong><em>C.</em></strong></span> <span class='ocrx_word' id='word_1_95' title='bbox 451 556 493 581; x_wconf 84' lang='lat' dir='ltr'><strong><em>ut</em></strong></span> <span class='ocrx_word' id='word_1_96' title='bbox 520 561 579 587; x_wconf 81' lang='lat' dir='ltr'><strong><em>ea,</em></strong></span> <span class='ocrx_word' id='word_1_97' title='bbox 625 560 719 593; x_wconf 84' lang='lat' dir='ltr'><strong><em>quae</em></strong></span> <span class='ocrx_word' id='word_1_98' title='bbox 740 544 820 595; x_wconf 89' lang='lat' dir='ltr'><strong><em>sua</em></strong></span> <span class='ocrx_word' id='word_1_99' title='bbox 841 544 877 596; x_wconf 88' lang='lat' dir='ltr'><em>s</em></span> <span class='ocrx_word' id='word_1_100' title='bbox 900 556 985 582; x_wconf 88' lang='lat' dir='ltr'><strong><em>onte</em></strong></span> <span class='ocrx_word' id='word_1_101' title='bbox 1017 546 1239 599; x_wconf 84' lang='lat' dir='ltr'><strong><em>clariffimus</em></strong></span> <span class='ocrx_word' id='word_1_102' title='bbox 1270 549 1483 583; x_wconf 78' lang='lat' dir='ltr'><strong><em>adolescens</em></strong></span> <span class='ocrx_word' id='word_1_103' title='bbox 1515 557 1626 596; x_wconf 75' lang='lat' dir='ltr'><strong><em>atque</em></strong></span> <span class='ocrx_word' id='word_1_104' title='bbox 1660 562 1731 584; x_wconf 63' lang='lat' dir='ltr'><strong><em>om÷</em></strong></span> 
     </span>
     <span class='ocr_line' id='line_1_11' title="bbox 309 561 1732 645; baseline 0 -16"><span class='ocrx_word' id='word_1_105' title='bbox 309 598 410 630; x_wconf 85' lang='lat' dir='ltr'><strong><em>nium</em></strong></span> <span class='ocrx_word' id='word_1_106' title='bbox 436 591 770 644; x_wconf 75' lang='lat' dir='ltr'><strong><em>praestantiffimus</em></strong></span> <span class='ocrx_word' id='word_1_107' title='bbox 794 561 901 645; x_wconf 60' lang='lat' dir='ltr'><strong><em>gestit</em></strong></span> <span class='ocrx_word' id='word_1_108' title='bbox 923 602 960 627; x_wconf 80' lang='lat' dir='ltr'><strong><em>et</em></strong></span> <span class='ocrx_word' id='word_1_109' title='bbox 983 596 1102 639; x_wconf 84' lang='lat' dir='ltr'><strong><em>gerit,</em></strong></span> <span class='ocrx_word' id='word_1_110' title='bbox 1129 596 1214 629; x_wconf 87' lang='lat' dir='ltr'><strong><em>haec</em></strong></span> <span class='ocrx_word' id='word_1_111' title='bbox 1238 596 1471 629; x_wconf 85' lang='lat' dir='ltr'><strong><em>auctoritate</em></strong></span> <span class='ocrx_word' id='word_1_112' title='bbox 1494 595 1614 645; x_wconf 73' lang='lat' dir='ltr'><strong><em>vesc&#39;ra</em></strong></span> <span class='ocrx_word' id='word_1_113' title='bbox 1639 608 1732 630; x_wconf 87' lang='lat' dir='ltr'><strong><em>com-</em></strong></span> 
     </span>
     <span class='ocr_line' id='line_1_12' title="bbox 308 637 1731 718; baseline -0.001 -43"><span class='ocrx_word' id='word_1_114' title='bbox 308 642 528 686; x_wconf 81' lang='lat' dir='ltr'><strong><em>probentur.</em></strong></span> <span class='ocrx_word' id='word_1_115' title='bbox 587 643 652 673; x_wconf 78' lang='lat' dir='ltr'><strong><em>Or.</em></strong></span> <span class='ocrx_word' id='word_1_116' title='bbox 678 643 714 680; x_wconf 90' lang='lat'><strong><em>1,</em></strong></span> <span class='ocrx_word' id='word_1_117' title='bbox 749 643 812 681; x_wconf 88' lang='grc'><strong><em>57,</em></strong></span> <span class='ocrx_word' id='word_1_118' title='bbox 854 642 929 682; x_wconf 84' lang='grc'><strong>169.</strong></span> <span class='ocrx_word' id='word_1_119' title='bbox 955 652 1061 685; x_wconf 85' lang='lat' dir='ltr'><strong><em>quam</em></strong></span> <span class='ocrx_word' id='word_1_120' title='bbox 1086 654 1183 682; x_wconf 83' lang='lat' dir='ltr'><strong><em>cum,</em></strong></span> <span class='ocrx_word' id='word_1_121' title='bbox 1212 643 1277 685; x_wconf 86' lang='lat' dir='ltr'><strong><em>qui</em></strong></span> <span class='ocrx_word' id='word_1_122' title='bbox 1301 643 1399 673; x_wconf 85' lang='lat' dir='ltr'><strong><em>hanc</em></strong></span> <span class='ocrx_word' id='word_1_123' title='bbox 1421 637 1621 718; x_wconf 58' lang='lat' dir='ltr'><strong><em>perlonam</em></strong></span> <span class='ocrx_word' id='word_1_124' title='bbox 1641 638 1731 690; x_wconf 73' lang='lat' dir='ltr'><strong><em>fias-</em></strong></span> 
     </span>
     <span class='ocr_line' id='line_1_13' title="bbox 310 684 1733 734; baseline -0.001 -13"><span class='ocrx_word' id='word_1_125' title='bbox 310 688 471 730; x_wconf 79' lang='lat' dir='ltr'><strong><em>ceperit,</em></strong></span> <span class='ocrx_word' id='word_1_126' title='bbox 498 686 739 723; x_wconf 82' lang='lat' dir='ltr'><strong><em>ut-excitet,</em></strong></span> <span class='ocrx_word' id='word_1_127' title='bbox 763 686 856 718; x_wconf 91' lang='lat' dir='ltr'><strong><em>hunc</em></strong></span> <span class='ocrx_word' id='word_1_128' title='bbox 880 686 919 718; x_wconf 87' lang='lat' dir='ltr'><strong><em>in</em></strong></span> <span class='ocrx_word' id='word_1_129' title='bbox 943 687 1105 719; x_wconf 85' lang='lat' dir='ltr'><strong><em>minimis</em></strong></span> <span class='ocrx_word' id='word_1_130' title='bbox 1136 684 1419 734; x_wconf 74' lang='lat' dir='ltr'><strong><em>tenuilfimisque</em></strong></span> <span class='ocrx_word' id='word_1_131' title='bbox 1443 697 1482 719; x_wconf 87' lang='lat' dir='ltr'><strong><em>re</em></strong></span> <span class='ocrx_word' id='word_1_132' title='bbox 1507 697 1550 719; x_wconf 87' lang='lat' dir='ltr'><strong><em>us</em></strong></span> <span class='ocrx_word' id='word_1_133' title='bbox 1575 687 1633 719; x_wconf 84' lang='lat' dir='ltr'><strong><em>ita</em></strong></span> <span class='ocrx_word' id='word_1_134' title='bbox 1654 686 1733 721; x_wconf 81' lang='lat' dir='ltr'><strong><em>labi</em></strong></span> 
     </span>
     <span class='ocr_line' id='line_1_14' title="bbox 310 732 1731 776; baseline 0 -10"><span class='ocrx_word' id='word_1_135' title='bbox 310 740 373 766; x_wconf 52' lang='lat' dir='ltr'><strong><em>etex</em></strong></span> <span class='ocrx_word' id='word_1_136' title='bbox 413 734 554 774; x_wconf 18' lang='lat' dir='ltr'><strong><em>*Itaque</em></strong></span> <span class='ocrx_word' id='word_1_137' title='bbox 586 737 737 771; x_wconf 75' lang='lat' dir='ltr'><strong><em>temere,</em></strong></span> <span class='ocrx_word' id='word_1_138' title='bbox 783 737 823 763; x_wconf 89' lang='lat' dir='ltr'><strong><em>ut</em></strong></span> <span class='ocrx_word' id='word_1_139' title='bbox 854 732 963 763; x_wconf 72' lang='lat' dir='ltr'><strong><em>multa</em></strong></span> <span class='ocrx_word' id='word_1_140' title='bbox 988 733 1074 773; x_wconf 82' lang='lat' dir='ltr'><strong><em>alia,</em></strong></span> <span class='ocrx_word' id='word_1_141' title='bbox 1108 732 1151 764; x_wconf 83' lang='lat' dir='ltr'><strong><em>fic</em></strong></span> <span class='ocrx_word' id='word_1_142' title='bbox 1173 733 1287 769; x_wconf 77' lang='lat' dir='ltr'><strong><em>locum</em></strong></span> <span class='ocrx_word' id='word_1_143' title='bbox 1315 732 1357 764; x_wconf 86' lang='lat' dir='ltr'><strong><em>de</em></strong></span> <span class='ocrx_word' id='word_1_144' title='bbox 1381 738 1468 765; x_wconf 66' lang='lat' dir='ltr'><strong><em>oras.</em></strong></span> <span class='ocrx_word' id='word_1_145' title='bbox 1494 734 1530 772; x_wconf 93' lang='lat' dir='ltr'><strong><em>I,</em></strong></span> <span class='ocrx_word' id='word_1_146' title='bbox 1557 734 1620 773; x_wconf 86' lang='lat'><strong><em>23,</em></strong></span> <span class='ocrx_word' id='word_1_147' title='bbox 1655 744 1731 776; x_wconf 97' lang='grc'><strong>109.</strong></span> 
     </span>
     <span class='ocr_line' id='line_1_15' title="bbox 309 772 1732 826; baseline -0.001 -14"><span class='ocrx_word' id='word_1_148' title='bbox 309 778 461 812; x_wconf 74' lang='lat' dir='ltr'><strong><em>mutavit</em></strong></span> <span class='ocrx_word' id='word_1_149' title='bbox 491 775 694 809; x_wconf 72' lang='lat' dir='ltr'><strong><em>Schiitzius:</em></strong></span> <span class='ocrx_word' id='word_1_150' title='bbox 731 775 797 809; x_wconf 85' lang='lat' dir='ltr'><strong><em>Sin</em></strong></span> <span class='ocrx_word' id='word_1_151' title='bbox 822 783 943 809; x_wconf 85' lang='lat' dir='ltr'><strong><em>autem</em></strong></span> <span class='ocrx_word' id='word_1_152' title='bbox 969 790 1025 818; x_wconf 81' lang='lat' dir='ltr'><strong><em>ca,</em></strong></span> <span class='ocrx_word' id='word_1_153' title='bbox 1066 788 1159 821; x_wconf 85' lang='lat' dir='ltr'><strong><em>quae</em></strong></span> <span class='ocrx_word' id='word_1_154' title='bbox 1192 772 1390 825; x_wconf 69' lang='lat' dir='ltr'><strong><em>observata</em></strong></span> <span class='ocrx_word' id='word_1_155' title='bbox 1405 772 1503 826; x_wconf 85' lang='lat' dir='ltr'><strong><em>sunt</em></strong></span> <span class='ocrx_word' id='word_1_156' title='bbox 1527 778 1566 810; x_wconf 86' lang='lat' dir='ltr'><strong><em>in</em></strong></span> <span class='ocrx_word' id='word_1_157' title='bbox 1590 772 1659 826; x_wconf 89' lang='lat' dir='ltr'><strong><em>usu</em></strong></span> <span class='ocrx_word' id='word_1_158' title='bbox 1686 790 1732 810; x_wconf 82' lang='lat' dir='ltr'><strong><em>ac</em></strong></span> 
     </span>
     <span class='ocr_line' id='line_1_16' title="bbox 310 820 1731 863; baseline -0.001 -7"><span class='ocrx_word' id='word_1_159' title='bbox 310 823 542 857; x_wconf 78' lang='lat' dir='ltr'><strong><em>tractatione</em></strong></span> <span class='ocrx_word' id='word_1_160' title='bbox 573 820 743 856; x_wconf 82' lang='lat' dir='ltr'><strong><em>dicendi,</em></strong></span> <span class='ocrx_word' id='word_1_161' title='bbox 784 821 869 853; x_wconf 82' lang='lat' dir='ltr'><strong><em>haec</em></strong></span> <span class='ocrx_word' id='word_1_162' title='bbox 900 821 948 853; x_wconf 84' lang='lat' dir='ltr'><strong><em>ab</em></strong></span> <span class='ocrx_word' id='word_1_163' title='bbox 981 822 1189 855; x_wconf 81' lang='lat' dir='ltr'><strong><em>hominihus</em></strong></span> <span class='ocrx_word' id='word_1_164' title='bbox 1212 822 1365 855; x_wconf 83' lang='lat' dir='ltr'><strong><em>callidis</em></strong></span> <span class='ocrx_word' id='word_1_165' title='bbox 1390 831 1454 855; x_wconf 78' lang='lat' dir='ltr'><strong><em>etc.</em></strong></span> <span class='ocrx_word' id='word_1_166' title='bbox 1504 823 1650 855; x_wconf 84' lang='lat' dir='ltr'><strong><em>delendo</em></strong></span> <span class='ocrx_word' id='word_1_167' title='bbox 1675 834 1731 863; x_wconf 83' lang='lat' dir='ltr'><strong><em>ea,</em></strong></span> 
     </span>
     <span class='ocr_line' id='line_1_17' title="bbox 308 864 1729 916; baseline -0.001 -14"><span class='ocrx_word' id='word_1_168' title='bbox 308 881 374 902; x_wconf 84' lang='lat' dir='ltr'><strong><em>nec</em></strong></span> <span class='ocrx_word' id='word_1_169' title='bbox 406 868 520 900; x_wconf 76' lang='lat' dir='ltr'><strong><em>minue</em></strong></span> <span class='ocrx_word' id='word_1_170' title='bbox 553 872 683 898; x_wconf 75' lang='lat' dir='ltr'><strong><em>temere</em></strong></span> <span class='ocrx_word' id='word_1_171' title='bbox 717 867 765 898; x_wconf 90' lang='lat' dir='ltr'><strong><em>ib.</em></strong></span> <span class='ocrx_word' id='word_1_172' title='bbox 797 877 860 907; x_wconf 86' lang='lat'><strong><em>20,</em></strong></span> <span class='ocrx_word' id='word_1_173' title='bbox 898 878 938 909; x_wconf 86' lang='lat'><strong><em>91</em></strong></span> <span class='ocrx_word' id='word_1_174' title='bbox 976 868 1012 899; x_wconf 87' lang='lat' dir='ltr'><strong><em>in</em></strong></span> <span class='ocrx_word' id='word_1_175' title='bbox 1045 869 1166 911; x_wconf 80' lang='lat' dir='ltr'><strong><em>quibus</em></strong></span> <span class='ocrx_word' id='word_1_176' title='bbox 1192 869 1326 906; x_wconf 84' lang='lat' dir='ltr'><strong><em>etiam,</em></strong></span> <span class='ocrx_word' id='word_1_177' title='bbox 1350 864 1440 916; x_wconf 84' lang='lat' dir='ltr'><strong><em>five</em></strong></span> <span class='ocrx_word' id='word_1_178' title='bbox 1465 867 1530 900; x_wconf 85' lang='lat' dir='ltr'><strong><em>ille</em></strong></span> <span class='ocrx_word' id='word_1_179' title='bbox 1555 867 1729 908; x_wconf 78' lang='lat' dir='ltr'><strong><em>irridens,</em></strong></span> 
     </span>
     <span class='ocr_line' id='line_1_18' title="bbox 279 909 1729 962; baseline 0 -15"><span class='ocrx_word' id='word_1_180' title='bbox 279 923 281 925; x_wconf 82' lang='lat'>&#39;</span> <span class='ocrx_word' id='word_1_181' title='bbox 296 912 378 962; x_wconf 67' lang='lat' dir='ltr'><strong><em>sice</em></strong></span> <span class='ocrx_word' id='word_1_182' title='bbox 402 910 503 957; x_wconf 78' lang='lat' dir='ltr'><strong><em>quod</em></strong></span> <span class='ocrx_word' id='word_1_183' title='bbox 526 912 585 945; x_wconf 86' lang='lat' dir='ltr'><strong><em>ita</em></strong></span> <span class='ocrx_word' id='word_1_184' title='bbox 609 917 770 952; x_wconf 36' lang='lat' dir='ltr'><strong><em>putaret·</em></strong></span> <span class='ocrx_word' id='word_1_185' title='bbox 790 918 901 955; x_wconf 82' lang='lat' dir='ltr'><strong><em>atque</em></strong></span> <span class='ocrx_word' id='word_1_186' title='bbox 925 913 982 945; x_wconf 85' lang='lat' dir='ltr'><strong><em>ita</em></strong></span> <span class='ocrx_word' id='word_1_187' title='bbox 1008 909 1192 961; x_wconf 78' lang='lat' dir='ltr'><strong><em>audiffet‚</em></strong></span> <span class='ocrx_word' id='word_1_188' title='bbox 1222 925 1276 946; x_wconf 84' lang='lat' dir='ltr'><strong><em>me</em></strong></span> <span class='ocrx_word' id='word_1_189' title='bbox 1300 916 1335 946; x_wconf 85' lang='lat' dir='ltr'><strong><em>in</em></strong></span> <span class='ocrx_word' id='word_1_190' title='bbox 1361 915 1424 947; x_wconf 82' lang='lat' dir='ltr'><strong><em>ino</em></strong></span> <span class='ocrx_word' id='word_1_191' title='bbox 1448 925 1621 946; x_wconf 83' lang='lat' dir='ltr'><strong><em>numero·</em></strong></span> <span class='ocrx_word' id='word_1_192' title='bbox 1643 926 1729 956; x_wconf 88' lang='lat' dir='ltr'><strong><em>pro-</em></strong></span> 
     </span>
     <span class='ocr_line' id='line_1_19' title="bbox 301 956 1732 1009; baseline -0.001 -17"><span class='ocrx_word' id='word_1_193' title='bbox 301 956 485 1009; x_wconf 78' lang='lat' dir='ltr'><strong><em>ferebat,</em></strong></span> <span class='ocrx_word' id='word_1_194' title='bbox 515 968 617 989; x_wconf 82' lang='lat' dir='ltr'><strong><em>voces</em></strong></span> <span class='ocrx_word' id='word_1_195' title='bbox 651 957 689 989; x_wconf 88' lang='lat' dir='ltr'><strong><em>in</em></strong></span> <span class='ocrx_word' id='word_1_196' title='bbox 723 956 791 990; x_wconf 90' lang='lat' dir='ltr'><strong><em>illo</em></strong></span> <span class='ocrx_word' id='word_1_197' title='bbox 824 968 971 990; x_wconf 86' lang='lat' dir='ltr'><strong><em>numero</em></strong></span> <span class='ocrx_word' id='word_1_198' title='bbox 1000 960 1141 991; x_wconf 83' lang='lat' dir='ltr'><strong><em>delevit.</em></strong></span> <span class='ocrx_word' id='word_1_199' title='bbox 1191 960 1249 991; x_wconf 91' lang='lat' dir='ltr'><strong><em>Sic</em></strong></span> <span class='ocrx_word' id='word_1_200' title='bbox 1275 959 1348 1002; x_wconf 89' lang='lat' dir='ltr'><strong><em>post</em></strong></span> <span class='ocrx_word' id='word_1_201' title='bbox 1379 958 1479 1002; x_wconf 81' lang='lat' dir='ltr'><strong><em>quod</em></strong></span> <span class='ocrx_word' id='word_1_202' title='bbox 1502 959 1655 1001; x_wconf 72' lang='lat' dir='ltr'><strong><em>sequitur</em></strong></span> <span class='ocrx_word' id='word_1_203' title='bbox 1678 958 1732 992; x_wconf 60' lang='lat' dir='ltr'><strong><em>id,</em></strong></span> 
     </span>
     <span class='ocr_line' id='line_1_20' title="bbox 309 1002 1733 1055; baseline 0 -18"><span class='ocrx_word' id='word_1_204' title='bbox 309 1006 432 1039; x_wconf 83' lang='lat' dir='ltr'><strong><em>Rabir.</em></strong></span> <span class='ocrx_word' id='word_1_205' title='bbox 463 1002 567 1036; x_wconf 80' lang='lat' dir='ltr'><strong><em>Pcrd.</em></strong></span> <span class='ocrx_word' id='word_1_206' title='bbox 594 1004 635 1043; x_wconf 89' lang='grc'><strong><em>5,</em></strong></span> <span class='ocrx_word' id='word_1_207' title='bbox 678 1013 731 1034; x_wconf 90' lang='grc'><strong><em>10.</em></strong></span> <span class='ocrx_word' id='word_1_208' title='bbox 760 1003 864 1044; x_wconf 89' lang='lat' dir='ltr'><strong><em>Quod</em></strong></span> <span class='ocrx_word' id='word_1_209' title='bbox 899 1003 1065 1041; x_wconf 86' lang='lat' dir='ltr'><strong><em>utinam,</em></strong></span> <span class='ocrx_word' id='word_1_210' title='bbox 1115 1003 1305 1055; x_wconf 65' lang='lat' dir='ltr'><strong><em>Quirites,</em></strong></span> <span class='ocrx_word' id='word_1_211' title='bbox 1343 1015 1411 1046; x_wconf 82' lang='lat' dir='ltr'><strong><em>ego</em></strong></span> <span class='ocrx_word' id='word_1_212' title='bbox 1436 1005 1473 1036; x_wconf 85' lang='lat' dir='ltr'><strong><em>id</em></strong></span> <span class='ocrx_word' id='word_1_213' title='bbox 1498 1010 1567 1036; x_wconf 88' lang='lat' dir='ltr'><strong><em>aut</em></strong></span> <span class='ocrx_word' id='word_1_214' title='bbox 1588 1004 1733 1046; x_wconf 83' lang='lat' dir='ltr'><strong><em>primus</em></strong></span> 
     </span>
     <span class='ocr_line' id='line_1_21' title="bbox 309 1044 1731 1097; baseline -0.001 -13"><span class='ocrx_word' id='word_1_215' title='bbox 309 1056 376 1085; x_wconf 87' lang='lat' dir='ltr'><strong><em>aut</em></strong></span> <span class='ocrx_word' id='word_1_216' title='bbox 400 1046 514 1096; x_wconf 85' lang='lat' dir='ltr'><strong><em>solus</em></strong></span> <span class='ocrx_word' id='word_1_217' title='bbox 547 1058 594 1079; x_wconf 84' lang='lat' dir='ltr'><strong><em>ex</em></strong></span> <span class='ocrx_word' id='word_1_218' title='bbox 628 1047 702 1079; x_wconf 80' lang='lat' dir='ltr'><strong><em>hac</em></strong></span> <span class='ocrx_word' id='word_1_219' title='bbox 733 1046 923 1090; x_wconf 84' lang='lat' dir='ltr'><strong><em>republica</em></strong></span> <span class='ocrx_word' id='word_1_220' title='bbox 945 1044 1087 1097; x_wconf 69' lang='lat' dir='ltr'><strong><em>sustuli</em></strong></span> <span class='ocrx_word' id='word_1_221' title='bbox 1120 1048 1196 1082; x_wconf 88' lang='lat' dir='ltr'><strong><em>em!</em></strong></span> <span class='ocrx_word' id='word_1_222' title='bbox 1235 1050 1419 1083; x_wconf 83' lang='lat' dir='ltr'><strong><em>Diversum</em></strong></span> <span class='ocrx_word' id='word_1_223' title='bbox 1443 1050 1506 1090; x_wconf 88' lang='lat' dir='ltr'><strong><em>est,</em></strong></span> <span class='ocrx_word' id='word_1_224' title='bbox 1541 1049 1597 1081; x_wconf 84' lang='lat' dir='ltr'><strong><em>sed</em></strong></span> <span class='ocrx_word' id='word_1_225' title='bbox 1623 1049 1731 1083; x_wconf 85' lang='lat' dir='ltr'><strong><em>fimile</em></strong></span> 
     </span>
     <span class='ocr_line' id='line_1_22' title="bbox 308 1093 1731 1142; baseline -0.002 -12"><span class='ocrx_word' id='word_1_226' title='bbox 308 1103 447 1134; x_wconf 78' lang='lat' dir='ltr'><strong><em>tamen,</em></strong></span> <span class='ocrx_word' id='word_1_227' title='bbox 486 1094 577 1135; x_wconf 83' lang='lat' dir='ltr'><strong><em>quod</em></strong></span> <span class='ocrx_word' id='word_1_228' title='bbox 612 1093 654 1124; x_wconf 82' lang='lat' dir='ltr'><strong><em>de</em></strong></span> <span class='ocrx_word' id='word_1_229' title='bbox 687 1094 771 1135; x_wconf 76' lang='lat' dir='ltr'><strong><em>Leg.</em></strong></span> <span class='ocrx_word' id='word_1_230' title='bbox 805 1095 877 1133; x_wconf 74' lang='grc' dir='ltr'><strong>ΙΙΙ,</strong></span> <span class='ocrx_word' id='word_1_231' title='bbox 909 1105 950 1133; x_wconf 85' lang='lat'><strong><em>2,</em></strong></span> <span class='ocrx_word' id='word_1_232' title='bbox 986 1098 1018 1128; x_wconf 85' lang='lat'><strong><em>5.</em></strong></span> <span class='ocrx_word' id='word_1_233' title='bbox 1053 1096 1198 1137; x_wconf 82' lang='lat' dir='ltr'><strong><em>legitur:</em></strong></span> <span class='ocrx_word' id='word_1_234' title='bbox 1231 1096 1316 1139; x_wconf 83' lang='lat' dir='ltr'><strong><em>qui,</em></strong></span> <span class='ocrx_word' id='word_1_235' title='bbox 1352 1101 1394 1127; x_wconf 85' lang='lat' dir='ltr'><strong><em>ut</em></strong></span> <span class='ocrx_word' id='word_1_236' title='bbox 1417 1093 1476 1127; x_wconf 88' lang='lat' dir='ltr'><strong><em>illi</em></strong></span> <span class='ocrx_word' id='word_1_237' title='bbox 1500 1093 1731 1142; x_wconf 63' lang='lat' dir='ltr'><strong><em>coelestibus,</em></strong></span> 
     </span>
     <span class='ocr_line' id='line_1_23' title="bbox 300 1132 1733 1190; baseline 0 -18"><span class='ocrx_word' id='word_1_238' title='bbox 300 1140 363 1190; x_wconf 76' lang='lat' dir='ltr'><strong><em>sic</em></strong></span> <span class='ocrx_word' id='word_1_239' title='bbox 398 1140 438 1172; x_wconf 85' lang='lat' dir='ltr'><strong><em>hi</em></strong></span> <span class='ocrx_word' id='word_1_240' title='bbox 473 1132 721 1190; x_wconf 76' lang='lat' dir='ltr'><strong><em>adversentur</em></strong></span> <span class='ocrx_word' id='word_1_241' title='bbox 755 1136 1048 1185; x_wconf 73' lang='lat' dir='ltr'><strong><em>magistratibus.</em></strong></span> <span class='ocrx_word' id='word_1_242' title='bbox 1105 1141 1174 1172; x_wconf 90' lang='lat' dir='ltr'><strong><em>Sed</em></strong></span> <span class='ocrx_word' id='word_1_243' title='bbox 1206 1152 1251 1172; x_wconf 81' lang='lat' dir='ltr'><strong><em>ex</em></strong></span> <span class='ocrx_word' id='word_1_244' title='bbox 1283 1140 1403 1172; x_wconf 84' lang='lat' dir='ltr'><strong><em>eodem</em></strong></span> <span class='ocrx_word' id='word_1_245' title='bbox 1434 1151 1559 1182; x_wconf 80' lang='lat' dir='ltr'><strong><em>genere</em></strong></span> <span class='ocrx_word' id='word_1_246' title='bbox 1585 1140 1632 1171; x_wconf 84' lang='lat' dir='ltr'><strong><em>cst</em></strong></span> <span class='ocrx_word' id='word_1_247' title='bbox 1654 1140 1733 1181; x_wconf 83' lang='lat' dir='ltr'><strong><em>hoc,</em></strong></span> 
     </span>
     <span class='ocr_line' id='line_1_24' title="bbox 311 1183 1732 1231; baseline 0.002 -18"><span class='ocrx_word' id='word_1_248' title='bbox 311 1186 404 1231; x_wconf 74' lang='lat' dir='ltr'><strong><em>quod</em></strong></span> <span class='ocrx_word' id='word_1_249' title='bbox 429 1184 502 1226; x_wconf 87' lang='lat' dir='ltr'><strong><em>post</em></strong></span> <span class='ocrx_word' id='word_1_250' title='bbox 526 1193 609 1226; x_wconf 81' lang='lat' dir='ltr'><strong><em>qm,</em></strong></span> <span class='ocrx_word' id='word_1_251' title='bbox 644 1193 756 1226; x_wconf 74' lang='lat' dir='ltr'><strong><em>quae,</em></strong></span> <span class='ocrx_word' id='word_1_252' title='bbox 773 1183 901 1224; x_wconf 75' lang='lat' dir='ltr'><strong><em>quod,</em></strong></span> <span class='ocrx_word' id='word_1_253' title='bbox 927 1185 970 1224; x_wconf 76' lang='lat' dir='ltr'><strong><em>ad</em></strong></span> <span class='ocrx_word' id='word_1_254' title='bbox 994 1184 1235 1224; x_wconf 64' lang='lat' dir='ltr'><strong><em>praecedentia</em></strong></span> <span class='ocrx_word' id='word_1_255' title='bbox 1259 1184 1430 1226; x_wconf 71' lang='lat' dir='ltr'><strong><em>spectans.</em></strong></span> <span class='ocrx_word' id='word_1_256' title='bbox 1451 1195 1585 1220; x_wconf 52' lang='lat' dir='ltr'><strong><em>,nomen</em></strong></span> <span class='ocrx_word' id='word_1_257' title='bbox 1608 1183 1732 1226; x_wconf 82' lang='lat' dir='ltr'><strong><em>ipsum,</em></strong></span> 
     </span>
     <span class='ocr_line' id='line_1_25' title="bbox 312 1222 1733 1275; baseline -0.001 -13"><span class='ocrx_word' id='word_1_258' title='bbox 312 1243 381 1275; x_wconf 84' lang='lat' dir='ltr'><strong><em>quo</em></strong></span> <span class='ocrx_word' id='word_1_259' title='bbox 407 1228 470 1272; x_wconf 82' lang='lat' dir='ltr'><strong><em>qui</em></strong></span> <span class='ocrx_word' id='word_1_260' title='bbox 496 1227 682 1270; x_wconf 81' lang='lat' dir='ltr'><strong><em>spectabat,</em></strong></span> <span class='ocrx_word' id='word_1_261' title='bbox 711 1226 868 1258; x_wconf 75' lang='lat' dir='ltr'><strong><em>additur:</em></strong></span> <span class='ocrx_word' id='word_1_262' title='bbox 905 1228 969 1260; x_wconf 82' lang='lat' dir='ltr'><strong><em>Or.</em></strong></span> <span class='ocrx_word' id='word_1_263' title='bbox 997 1228 1061 1267; x_wconf 86' lang='lat'><strong><em>62,</em></strong></span> <span class='ocrx_word' id='word_1_264' title='bbox 1088 1237 1168 1260; x_wconf 81' lang='lat'>210.</span> <span class='ocrx_word' id='word_1_265' title='bbox 1196 1227 1246 1260; x_wconf 84' lang='lat' dir='ltr'><strong><em>Id</em></strong></span> <span class='ocrx_word' id='word_1_266' title='bbox 1271 1239 1341 1260; x_wconf 91' lang='lat' dir='ltr'><strong><em>nos</em></strong></span> <span class='ocrx_word' id='word_1_267' title='bbox 1354 1222 1530 1275; x_wconf 82' lang='lat' dir='ltr'><strong><em>sortaffe</em></strong></span> <span class='ocrx_word' id='word_1_268' title='bbox 1554 1238 1628 1260; x_wconf 89' lang='lat' dir='ltr'><strong><em>non</em></strong></span> <span class='ocrx_word' id='word_1_269' title='bbox 1652 1239 1733 1270; x_wconf 87' lang='lat' dir='ltr'><strong><em>per-</em></strong></span> 
     </span>
     <span class='ocr_line' id='line_1_26' title="bbox 304 1266 1733 1325; baseline -0.001 -18"><span class='ocrx_word' id='word_1_270' title='bbox 304 1275 494 1325; x_wconf 84' lang='lat' dir='ltr'><strong><em>fecimus,</em></strong></span> <span class='ocrx_word' id='word_1_271' title='bbox 536 1272 665 1304; x_wconf 80' lang='lat' dir='ltr'><strong><em>conati</em></strong></span> <span class='ocrx_word' id='word_1_272' title='bbox 694 1270 838 1315; x_wconf 79' lang='lat' dir='ltr'><strong><em>quidem</em></strong></span> <span class='ocrx_word' id='word_1_273' title='bbox 864 1266 1076 1321; x_wconf 82' lang='lat' dir='ltr'><strong><em>saepiffime</em></strong></span> <span class='ocrx_word' id='word_1_274' title='bbox 1099 1267 1256 1319; x_wconf 83' lang='lat' dir='ltr'><strong><em>sumus:</em></strong></span> <span class='ocrx_word' id='word_1_275' title='bbox 1299 1271 1399 1316; x_wconf 79' lang='lat' dir='ltr'><strong><em>quod</em></strong></span> <span class='ocrx_word' id='word_1_276' title='bbox 1424 1271 1483 1315; x_wconf 88' lang='lat' dir='ltr'><strong><em>(n.</em></strong></span> <span class='ocrx_word' id='word_1_277' title='bbox 1508 1284 1570 1304; x_wconf 71' lang='lat' dir='ltr'><strong><em>uon</em></strong></span> <span class='ocrx_word' id='word_1_278' title='bbox 1595 1279 1733 1306; x_wconf 77' lang='lat' dir='ltr'><strong><em>conatos</em></strong></span> 
     </span>
     <span class='ocr_line' id='line_1_27' title="bbox 311 1314 1733 1367; baseline -0.004 -11"><span class='ocrx_word' id='word_1_279' title='bbox 311 1322 397 1362; x_wconf 83' lang='lat' dir='ltr'><strong><em>effe)</em></strong></span> <span class='ocrx_word' id='word_1_280' title='bbox 424 1318 597 1363; x_wconf 78' lang='lat' dir='ltr'><strong><em>plurimis</em></strong></span> <span class='ocrx_word' id='word_1_281' title='bbox 624 1317 718 1350; x_wconf 84' lang='lat' dir='ltr'><strong><em>locis</em></strong></span> <span class='ocrx_word' id='word_1_282' title='bbox 742 1318 1004 1359; x_wconf 80' lang='lat' dir='ltr'><strong><em>perorationes</em></strong></span> <span class='ocrx_word' id='word_1_283' title='bbox 1030 1320 1201 1367; x_wconf 80' lang='lat' dir='ltr'><strong><em>nostrae,</em></strong></span> <span class='ocrx_word' id='word_1_284' title='bbox 1238 1314 1389 1366; x_wconf 66' lang='lat' dir='ltr'><strong><em>voluiſj&#39;e</em></strong></span> <span class='ocrx_word' id='word_1_285' title='bbox 1413 1328 1482 1350; x_wconf 88' lang='lat' dir='ltr'><strong><em>nos</em></strong></span> <span class='ocrx_word' id='word_1_286' title='bbox 1508 1323 1621 1362; x_wconf 84' lang='lat' dir='ltr'><strong><em>atque</em></strong></span> <span class='ocrx_word' id='word_1_287' title='bbox 1654 1320 1733 1351; x_wconf 87' lang='lat' dir='ltr'><strong><em>ani-</em></strong></span> 
     </span>
     <span class='ocr_line' id='line_1_28' title="bbox 312 1360 1732 1410; baseline -0.002 -10"><span class='ocrx_word' id='word_1_288' title='bbox 312 1378 370 1401; x_wconf 86' lang='lat' dir='ltr'><strong><em>mo</em></strong></span> <span class='ocrx_word' id='word_1_289' title='bbox 390 1360 646 1410; x_wconf 79' lang='lat' dir='ltr'><strong><em>&#39;coutcndiffe,</em></strong></span> <span class='ocrx_word' id='word_1_290' title='bbox 684 1362 904 1396; x_wconf 83' lang='lat' dir='ltr'><strong><em>declarant.-</em></strong></span> <span class='ocrx_word' id='word_1_291' title='bbox 944 1364 999 1396; x_wconf 82' lang='lat' dir='ltr'><strong><em>Cf.</em></strong></span> <span class='ocrx_word' id='word_1_292' title='bbox 1030 1366 1108 1396; x_wconf 83' lang='lat' dir='ltr'><strong><em>Fin.</em></strong></span> <span class='ocrx_word' id='word_1_293' title='bbox 1132 1366 1203 1404; x_wconf 91' lang='grc' dir='ltr'><strong>ΙΙΙ,</strong></span> <span class='ocrx_word' id='word_1_294' title='bbox 1236 1375 1277 1403; x_wconf 80' lang='lat'><strong><em>2,</em></strong></span> <span class='ocrx_word' id='word_1_295' title='bbox 1308 1366 1338 1396; x_wconf 86' lang='lat'><strong><em>8.</em></strong></span> <span class='ocrx_word' id='word_1_296' title='bbox 1385 1365 1470 1406; x_wconf 87' lang='lat' dir='ltr'><strong><em>Leg.</em></strong></span> <span class='ocrx_word' id='word_1_297' title='bbox 1497 1364 1571 1404; x_wconf 85' lang='lat'><strong><em>111,</em></strong></span> <span class='ocrx_word' id='word_1_298' title='bbox 1599 1375 1641 1407; x_wconf 84' lang='lat'><strong><em>9,</em></strong></span> <span class='ocrx_word' id='word_1_299' title='bbox 1675 1375 1732 1397; x_wconf 83' lang='lat'><strong><em>21.</em></strong></span> 
     </span>
     <span class='ocr_line' id='line_1_29' title="bbox 314 1409 1732 1452; baseline -0.001 -8"><span class='ocrx_word' id='word_1_300' title='bbox 314 1413 383 1446; x_wconf 79' lang='lat' dir='ltr'><strong><em>Off.</em></strong></span> <span class='ocrx_word' id='word_1_301' title='bbox 409 1413 464 1451; x_wconf 86' lang='grc' dir='ltr'><strong><em>Π,</em></strong></span> <span class='ocrx_word' id='word_1_302' title='bbox 499 1412 531 1442; x_wconf 86' lang='grc'><strong><em>8.</em></strong></span> <span class='ocrx_word' id='word_1_303' title='bbox 578 1411 660 1442; x_wconf 76' lang='lat' dir='ltr'><strong><em>Nat.</em></strong></span> <span class='ocrx_word' id='word_1_304' title='bbox 684 1411 731 1441; x_wconf 88' lang='lat' dir='ltr'><strong><em>D.</em></strong></span> <span class='ocrx_word' id='word_1_305' title='bbox 757 1410 811 1449; x_wconf 91' lang='lat'><strong><em>11,</em></strong></span> <span class='ocrx_word' id='word_1_306' title='bbox 841 1419 883 1451; x_wconf 86' lang='lat'><strong><em>9,</em></strong></span> <span class='ocrx_word' id='word_1_307' title='bbox 917 1411 973 1441; x_wconf 70' lang='lat'><strong><em>24.</em></strong></span> <span class='ocrx_word' id='word_1_308' title='bbox 1000 1420 1086 1452; x_wconf 84' lang='lat' dir='ltr'><strong><em>quae</em></strong></span> <span class='ocrx_word' id='word_1_309' title='bbox 1109 1410 1186 1442; x_wconf 87' lang='lat' dir='ltr'><strong><em>loca</em></strong></span> <span class='ocrx_word' id='word_1_310' title='bbox 1210 1409 1310 1441; x_wconf 76' lang='lat' dir='ltr'><strong><em>attuli</em></strong></span> <span class='ocrx_word' id='word_1_311' title='bbox 1334 1409 1377 1440; x_wconf 67' lang='grc' dir='ltr'><strong><em>ε’]</em></strong></span> <span class='ocrx_word' id='word_1_312' title='bbox 1401 1410 1479 1440; x_wconf 75' lang='lat' dir='ltr'><strong><em>rin.</em></strong></span> <span class='ocrx_word' id='word_1_313' title='bbox 1504 1409 1541 1449; x_wconf 92' lang='lat'><strong><em>1,</em></strong></span> <span class='ocrx_word' id='word_1_314' title='bbox 1582 1419 1647 1450; x_wconf 85' lang='lat'><strong><em>20,</em></strong></span> <span class='ocrx_word' id='word_1_315' title='bbox 1676 1410 1732 1450; x_wconf 88' lang='lat'><strong><em>67.</em></strong></span> 
     </span>
     <span class='ocr_line' id='line_1_30' title="bbox 314 1454 1732 1501; baseline -0.002 -11"><span class='ocrx_word' id='word_1_316' title='bbox 314 1458 441 1501; x_wconf 82' lang='lat' dir='ltr'><strong><em>(Misc.</em></strong></span> <span class='ocrx_word' id='word_1_317' title='bbox 471 1454 559 1498; x_wconf 83' lang='lat' dir='ltr'><strong><em>phil.</em></strong></span> <span class='ocrx_word' id='word_1_318' title='bbox 592 1455 646 1494; x_wconf 87' lang='lat'><strong><em>11,</em></strong></span> <span class='ocrx_word' id='word_1_319' title='bbox 687 1465 725 1495; x_wconf 89' lang='lat'><strong><em>1,</em></strong></span> <span class='ocrx_word' id='word_1_320' title='bbox 759 1465 793 1496; x_wconf 89' lang='lat' dir='ltr'><strong><em>p.</em></strong></span> <span class='ocrx_word' id='word_1_321' title='bbox 821 1465 897 1496; x_wconf 89' lang='grc'><strong>109.</strong></span> <span class='ocrx_word' id='word_1_322' title='bbox 924 1456 965 1495; x_wconf 82' lang='grc'><strong><em>3,</em></strong></span> <span class='ocrx_word' id='word_1_323' title='bbox 990 1467 1025 1497; x_wconf 88' lang='lat' dir='ltr'><strong><em>p.</em></strong></span> <span class='ocrx_word' id='word_1_324' title='bbox 1052 1455 1132 1496; x_wconf 88' lang='grc'><strong>85.)</strong></span> <span class='ocrx_word' id='word_1_325' title='bbox 1158 1461 1232 1487; x_wconf 83' lang='lat' dir='ltr'><strong><em>tum</em></strong></span> <span class='ocrx_word' id='word_1_326' title='bbox 1258 1456 1322 1487; x_wconf 85' lang='lat' dir='ltr'><strong><em>Or.</em></strong></span> <span class='ocrx_word' id='word_1_327' title='bbox 1352 1455 1411 1493; x_wconf 80' lang='lat'><strong><em>16,</em></strong></span> <span class='ocrx_word' id='word_1_328' title='bbox 1446 1455 1502 1486; x_wconf 84' lang='lat'><strong><em>52.</em></strong></span> <span class='ocrx_word' id='word_1_329' title='bbox 1551 1455 1654 1487; x_wconf 83' lang='lat' dir='ltr'><strong><em>Verr.</em></strong></span> <span class='ocrx_word' id='word_1_330' title='bbox 1677 1454 1732 1495; x_wconf 90' lang='grc' dir='ltr'><strong><em>ΙΙ,</em></strong></span> 
     </span>
     <span class='ocr_line' id='line_1_31' title="bbox 318 1498 1733 1542; baseline -0.001 -9"><span class='ocrx_word' id='word_1_331' title='bbox 318 1515 358 1542; x_wconf 85' lang='lat'><strong><em>1,</em></strong></span> <span class='ocrx_word' id='word_1_332' title='bbox 393 1501 458 1541; x_wconf 80' lang='lat'><strong><em>26,</em></strong></span> <span class='ocrx_word' id='word_1_333' title='bbox 489 1500 547 1541; x_wconf 84' lang='lat'><strong><em>67.</em></strong></span> <span class='ocrx_word' id='word_1_334' title='bbox 594 1509 633 1538; x_wconf 81' lang='lat'><strong><em>2,</em></strong></span> <span class='ocrx_word' id='word_1_335' title='bbox 666 1500 708 1538; x_wconf 84' lang='lat'><strong><em>3,</em></strong></span> <span class='ocrx_word' id='word_1_336' title='bbox 743 1499 776 1531; x_wconf 89' lang='lat'><strong><em>6.</em></strong></span> <span class='ocrx_word' id='word_1_337' title='bbox 823 1500 887 1539; x_wconf 84' lang='lat'><strong><em>40,</em></strong></span> <span class='ocrx_word' id='word_1_338' title='bbox 922 1510 977 1541; x_wconf 83' lang='lat'><strong><em>99.</em></strong></span> <span class='ocrx_word' id='word_1_339' title='bbox 1028 1499 1095 1532; x_wconf 78' lang='lat' dir='ltr'><strong><em>Off.</em></strong></span> <span class='ocrx_word' id='word_1_340' title='bbox 1120 1501 1190 1540; x_wconf 87' lang='lat'><strong><em>111,</em></strong></span> <span class='ocrx_word' id='word_1_341' title='bbox 1216 1501 1280 1539; x_wconf 93' lang='grc'><strong><em>51,</em></strong></span> <span class='ocrx_word' id='word_1_342' title='bbox 1307 1509 1337 1540; x_wconf 91' lang='lat'><strong><em>7.</em></strong></span> <span class='ocrx_word' id='word_1_343' title='bbox 1386 1498 1558 1530; x_wconf 74' lang='lat' dir='ltr'><strong><em>Similiter</em></strong></span> <span class='ocrx_word' id='word_1_344' title='bbox 1582 1498 1625 1530; x_wconf 76' lang='lat' dir='ltr'><strong><em>ad</em></strong></span> <span class='ocrx_word' id='word_1_345' title='bbox 1647 1500 1733 1532; x_wconf 83' lang='lat' dir='ltr'><strong><em>Div.</em></strong></span> 
     </span>
     <span class='ocr_line' id='line_1_32' title="bbox 312 1537 1735 1591; baseline 0 -14"><span class='ocrx_word' id='word_1_346' title='bbox 312 1550 369 1591; x_wconf 80' lang='lat' dir='ltr'><strong><em>V,</em></strong></span> <span class='ocrx_word' id='word_1_347' title='bbox 410 1547 463 1578; x_wconf 87' lang='grc'><strong><em>15.</em></strong></span> <span class='ocrx_word' id='word_1_348' title='bbox 495 1544 545 1577; x_wconf 88' lang='lat' dir='ltr'><strong><em>in.</em></strong></span> <span class='ocrx_word' id='word_1_349' title='bbox 578 1542 682 1576; x_wconf 89' lang='lat' dir='ltr'><strong><em>illum</em></strong></span> <span class='ocrx_word' id='word_1_350' title='bbox 701 1537 875 1590; x_wconf 84' lang='lat' dir='ltr'><strong><em>fructum</em></strong></span> <span class='ocrx_word' id='word_1_351' title='bbox 908 1555 955 1576; x_wconf 87' lang='lat' dir='ltr'><strong><em>ex</em></strong></span> <span class='ocrx_word' id='word_1_352' title='bbox 979 1544 1030 1576; x_wconf 85' lang='lat' dir='ltr'><strong><em>iis</em></strong></span> <span class='ocrx_word' id='word_1_353' title='bbox 1054 1543 1177 1577; x_wconf 86' lang='lat' dir='ltr'><strong><em>literis</em></strong></span> <span class='ocrx_word' id='word_1_354' title='bbox 1203 1543 1259 1577; x_wconf 72' lang='lat' dir='ltr'><strong><em>vel</em></strong></span> <span class='ocrx_word' id='word_1_355' title='bbox 1284 1544 1484 1576; x_wconf 83' lang='lat' dir='ltr'><strong><em>maximum</em></strong></span> <span class='ocrx_word' id='word_1_356' title='bbox 1508 1544 1605 1586; x_wconf 86' lang='lat' dir='ltr'><strong><em>cepi,</em></strong></span> <span class='ocrx_word' id='word_1_357' title='bbox 1633 1543 1735 1589; x_wconf 72' lang='lat' dir='ltr'><strong><em>quod</em></strong></span> 
     </span>
     <span class='ocr_line' id='line_1_33' title="bbox 315 1589 1733 1635; baseline -0.002 -11"><span class='ocrx_word' id='word_1_358' title='bbox 315 1600 351 1627; x_wconf 88' lang='lat' dir='ltr'><strong><em>te</em></strong></span> <span class='ocrx_word' id='word_1_359' title='bbox 374 1589 572 1635; x_wconf 80' lang='lat' dir='ltr'><strong><em>praeclare</em></strong></span> <span class='ocrx_word' id='word_1_360' title='bbox 598 1600 657 1621; x_wconf 86' lang='lat' dir='ltr'><strong><em>res</em></strong></span> <span class='ocrx_word' id='word_1_361' title='bbox 683 1589 867 1621; x_wconf 75' lang='lat' dir='ltr'><strong><em>humanas</em></strong></span> <span class='ocrx_word' id='word_1_362' title='bbox 892 1596 1196 1627; x_wconf 85' lang='lat' dir='ltr'><strong><em>contemnentem,</em></strong></span> <span class='ocrx_word' id='word_1_363' title='bbox 1229 1596 1267 1621; x_wconf 79' lang='lat' dir='ltr'><strong><em>et</em></strong></span> <span class='ocrx_word' id='word_1_364' title='bbox 1291 1591 1430 1632; x_wconf 83' lang='lat' dir='ltr'><strong><em>optime</em></strong></span> <span class='ocrx_word' id='word_1_365' title='bbox 1454 1595 1588 1621; x_wconf 84' lang='lat' dir='ltr'><strong><em>contra</em></strong></span> <span class='ocrx_word' id='word_1_366' title='bbox 1634 1596 1733 1622; x_wconf 85' lang='lat' dir='ltr'><strong><em>ortu·</em></strong></span> 
     </span>
     <span class='ocr_line' id='line_1_34' title="bbox 314 1633 1734 1678; baseline -0.003 -8"><span class='ocrx_word' id='word_1_367' title='bbox 314 1649 398 1671; x_wconf 87' lang='lat' dir='ltr'><strong><em>nam</em></strong></span> <span class='ocrx_word' id='word_1_368' title='bbox 421 1641 600 1677; x_wconf 85' lang='lat' dir='ltr'><strong><em>paratum</em></strong></span> <span class='ocrx_word' id='word_1_369' title='bbox 625 1640 878 1678; x_wconf 81' lang='lat' dir='ltr'><strong><em>armatumque</em></strong></span> <span class='ocrx_word' id='word_1_370' title='bbox 903 1636 1057 1676; x_wconf 72' lang='lat' dir='ltr'><strong><em>cognovi</em></strong></span> <span class='ocrx_word' id='word_1_371' title='bbox 1065 1647 1077 1667; x_wconf 90' lang='lat'><strong><em>.·</em></strong></span> <span class='ocrx_word' id='word_1_372' title='bbox 1110 1646 1220 1678; x_wconf 88' lang='lat' dir='ltr'><strong><em>quam</em></strong></span> <span class='ocrx_word' id='word_1_373' title='bbox 1237 1635 1390 1678; x_wconf 30' lang='lat' dir='ltr'><strong><em>&#39;quidem</em></strong></span> <span class='ocrx_word' id='word_1_374' title='bbox 1416 1633 1560 1666; x_wconf 81' lang='lat' dir='ltr'><strong><em>laudem</em></strong></span> <span class='ocrx_word' id='word_1_375' title='bbox 1607 1635 1734 1676; x_wconf 85' lang='lat' dir='ltr'><strong><em>apien-</em></strong></span> 
     </span>
     <span class='ocr_line' id='line_1_35' title="bbox 314 1675 1734 1729; baseline -0.003 -13"><span class='ocrx_word' id='word_1_376' title='bbox 314 1684 393 1717; x_wconf 79' lang='lat' dir='ltr'><strong><em>tiae</em></strong></span> <span class='ocrx_word' id='word_1_377' title='bbox 405 1679 539 1729; x_wconf 80' lang='lat' dir='ltr'><strong><em>statuo</em></strong></span> <span class='ocrx_word' id='word_1_378' title='bbox 565 1675 637 1727; x_wconf 79' lang='lat' dir='ltr'><strong><em>effe</em></strong></span> <span class='ocrx_word' id='word_1_379' title='bbox 662 1679 882 1716; x_wconf 82' lang='lat' dir='ltr'><strong><em>maximam,</em></strong></span> <span class='ocrx_word' id='word_1_380' title='bbox 918 1690 991 1712; x_wconf 87' lang='lat' dir='ltr'><strong><em>non</em></strong></span> <span class='ocrx_word' id='word_1_381' title='bbox 1018 1679 1167 1713; x_wconf 83' lang='lat' dir='ltr'><strong><em>aliunde</em></strong></span> <span class='ocrx_word' id='word_1_382' title='bbox 1188 1679 1347 1723; x_wconf 84' lang='lat' dir='ltr'><strong><em>pendere</em></strong></span> <span class='ocrx_word' id='word_1_383' title='bbox 1370 1685 1433 1711; x_wconf 73' lang='lat' dir='ltr'><strong><em>etc.</em></strong></span> <span class='ocrx_word' id='word_1_384' title='bbox 1484 1679 1538 1712; x_wconf 83' lang='lat' dir='ltr'><strong><em>Cf.</em></strong></span> <span class='ocrx_word' id='word_1_385' title='bbox 1562 1691 1627 1722; x_wconf 83' lang='lat' dir='ltr'><strong><em>pro</em></strong></span> <span class='ocrx_word' id='word_1_386' title='bbox 1648 1680 1734 1712; x_wconf 80' lang='lat' dir='ltr'><strong><em>ciu-</em></strong></span> 
     </span>
     <span class='ocr_line' id='line_1_36' title="bbox 316 1724 1735 1768; baseline -0.004 -6"><span class='ocrx_word' id='word_1_387' title='bbox 316 1734 387 1762; x_wconf 81' lang='lat' dir='ltr'><strong><em>ent.</em></strong></span> <span class='ocrx_word' id='word_1_388' title='bbox 412 1729 468 1761; x_wconf 79' lang='lat'><strong><em>35.</em></strong></span> <span class='ocrx_word' id='word_1_389' title='bbox 493 1727 541 1758; x_wconf 84' lang='lat' dir='ltr'><strong><em>iu.</em></strong></span> <span class='ocrx_word' id='word_1_390' title='bbox 587 1728 701 1767; x_wconf 69' lang='lat' dir='ltr'><strong><em>Atque</em></strong></span> <span class='ocrx_word' id='word_1_391' title='bbox 724 1725 792 1757; x_wconf 82' lang='lat' dir='ltr'><strong><em>hoc</em></strong></span> <span class='ocrx_word' id='word_1_392' title='bbox 816 1725 919 1758; x_wconf 87' lang='lat' dir='ltr'><strong><em>modo</em></strong></span> <span class='ocrx_word' id='word_1_393' title='bbox 942 1727 1011 1768; x_wconf 83' lang='lat' dir='ltr'><strong><em>jam</em></strong></span> <span class='ocrx_word' id='word_1_394' title='bbox 1035 1727 1120 1759; x_wconf 84' lang='lat' dir='ltr'><strong><em>olim</em></strong></span> <span class='ocrx_word' id='word_1_395' title='bbox 1144 1726 1274 1759; x_wconf 78' lang='lat' dir='ltr'><strong><em>ostendi</em></strong></span> <span class='ocrx_word' id='word_1_396' title='bbox 1299 1724 1539 1767; x_wconf 79' lang='lat' dir='ltr'><strong><em>explicandum</em></strong></span> <span class='ocrx_word' id='word_1_397' title='bbox 1560 1731 1596 1757; x_wconf 86' lang='lat' dir='ltr'><strong><em>et</em></strong></span> <span class='ocrx_word' id='word_1_398' title='bbox 1613 1724 1735 1757; x_wconf 78' lang='lat' dir='ltr'><strong><em>defen-</em></strong></span> 
     </span>
     <span class='ocr_line' id='line_1_37' title="bbox 317 1764 1733 1821; baseline -0.003 -15"><span class='ocrx_word' id='word_1_399' title='bbox 317 1773 468 1806; x_wconf 80' lang='lat' dir='ltr'><strong><em>dendum</em></strong></span> <span class='ocrx_word' id='word_1_400' title='bbox 502 1770 618 1802; x_wconf 83' lang='lat' dir='ltr'><strong><em>videri</em></strong></span> <span class='ocrx_word' id='word_1_401' title='bbox 651 1772 766 1801; x_wconf 87' lang='lat' dir='ltr'><strong><em>locum</em></strong></span> <span class='ocrx_word' id='word_1_402' title='bbox 798 1771 841 1801; x_wconf 85' lang='lat' dir='ltr'><strong><em>de</em></strong></span> <span class='ocrx_word' id='word_1_403' title='bbox 866 1772 930 1802; x_wconf 85' lang='lat' dir='ltr'><strong><em>Or.</em></strong></span> <span class='ocrx_word' id='word_1_404' title='bbox 957 1772 991 1809; x_wconf 93' lang='grc' dir='ltr'><strong><em>Ι,</em></strong></span> <span class='ocrx_word' id='word_1_405' title='bbox 1021 1781 1081 1810; x_wconf 85' lang='lat'><strong><em>12,</em></strong></span> <span class='ocrx_word' id='word_1_406' title='bbox 1107 1773 1162 1804; x_wconf 86' lang='grc'><strong><em>55.</em></strong></span> <span class='ocrx_word' id='word_1_407' title='bbox 1216 1770 1309 1821; x_wconf 67' lang='lat' dir='ltr'><strong><em>Quis</em></strong></span> <span class='ocrx_word' id='word_1_408' title='bbox 1332 1770 1426 1802; x_wconf 84' lang='lat' dir='ltr'><strong><em>euim</em></strong></span> <span class='ocrx_word' id='word_1_409' title='bbox 1452 1764 1587 1817; x_wconf 80' lang='lat' dir='ltr'><strong><em>nescit,</em></strong></span> <span class='ocrx_word' id='word_1_410' title='bbox 1615 1770 1733 1803; x_wconf 82' lang='lat' dir='ltr'><strong><em>maxi-</em></strong></span> 
     </span>
     <span class='ocr_line' id='line_1_38' title="bbox 317 1812 1735 1864; baseline -0.002 -13"><span class='ocrx_word' id='word_1_411' title='bbox 317 1829 411 1856; x_wconf 85' lang='lat' dir='ltr'><strong><em>mam</em></strong></span> <span class='ocrx_word' id='word_1_412' title='bbox 439 1816 510 1850; x_wconf 68' lang='lat' dir='ltr'><strong><em>vim</em></strong></span> <span class='ocrx_word' id='word_1_413' title='bbox 534 1812 689 1864; x_wconf 73' lang='lat' dir='ltr'><strong><em>existere</em></strong></span> <span class='ocrx_word' id='word_1_414' title='bbox 713 1815 882 1848; x_wconf 89' lang='lat' dir='ltr'><strong><em>oratoris</em></strong></span> <span class='ocrx_word' id='word_1_415' title='bbox 908 1816 947 1848; x_wconf 80' lang='lat' dir='ltr'><strong><em>in</em></strong></span> <span class='ocrx_word' id='word_1_416' title='bbox 974 1815 1365 1853; x_wconf 80' lang='lat' dir='ltr'><strong><em>hominummentibus</em></strong></span> <span class='ocrx_word' id='word_1_417' title='bbox 1389 1813 1443 1848; x_wconf 65' lang='lat' dir='ltr'><strong><em>vel</em></strong></span> <span class='ocrx_word' id='word_1_418' title='bbox 1467 1814 1518 1847; x_wconf 85' lang='lat' dir='ltr'><strong><em>ad</em></strong></span> <span class='ocrx_word' id='word_1_419' title='bbox 1541 1816 1638 1848; x_wconf 79' lang='lat' dir='ltr'><strong><em>iram</em></strong></span> <span class='ocrx_word' id='word_1_420' title='bbox 1665 1822 1735 1848; x_wconf 85' lang='lat' dir='ltr'><strong><em>aut</em></strong></span> 
     </span>
     <span class='ocr_line' id='line_1_39' title="bbox 315 1860 1737 1903; baseline -0.001 -7"><span class='ocrx_word' id='word_1_421' title='bbox 315 1864 366 1898; x_wconf 82' lang='lat' dir='ltr'><strong><em>ad</em></strong></span> <span class='ocrx_word' id='word_1_422' title='bbox 400 1862 525 1895; x_wconf 81' lang='lat' dir='ltr'><strong><em>odium</em></strong></span> <span class='ocrx_word' id='word_1_423' title='bbox 552 1867 621 1894; x_wconf 86' lang='lat' dir='ltr'><strong><em>aut</em></strong></span> <span class='ocrx_word' id='word_1_424' title='bbox 654 1860 818 1893; x_wconf 84' lang='lat' dir='ltr'><strong><em>dolorem</em></strong></span> <span class='ocrx_word' id='word_1_425' title='bbox 851 1861 1075 1901; x_wconf 84' lang='lat' dir='ltr'><strong><em>incitandis,</em></strong></span> <span class='ocrx_word' id='word_1_426' title='bbox 1107 1861 1162 1894; x_wconf 72' lang='lat' dir='ltr'><strong><em>vel</em></strong></span> <span class='ocrx_word' id='word_1_427' title='bbox 1186 1860 1233 1893; x_wconf 83' lang='lat' dir='ltr'><strong><em>ab</em></strong></span> <span class='ocrx_word' id='word_1_428' title='bbox 1259 1862 1360 1894; x_wconf 80' lang='lat' dir='ltr'><strong><em>hisce</em></strong></span> <span class='ocrx_word' id='word_1_429' title='bbox 1384 1860 1514 1893; x_wconf 83' lang='lat' dir='ltr'><strong><em>iisdem</em></strong></span> <span class='ocrx_word' id='word_1_430' title='bbox 1537 1863 1737 1903; x_wconf 82' lang='lat' dir='ltr'><strong><em>permotio-</em></strong></span> 
     </span>
     <span class='ocr_line' id='line_1_40' title="bbox 315 1900 1736 1953; baseline -0.001 -11"><span class='ocrx_word' id='word_1_431' title='bbox 315 1908 426 1943; x_wconf 80' lang='lat' dir='ltr'><strong><em>nibus</em></strong></span> <span class='ocrx_word' id='word_1_432' title='bbox 450 1906 502 1939; x_wconf 79' lang='lat' dir='ltr'><strong><em>ad</em></strong></span> <span class='ocrx_word' id='word_1_433' title='bbox 528 1906 719 1939; x_wconf 87' lang='lat' dir='ltr'><strong><em>lenitatem</em></strong></span> <span class='ocrx_word' id='word_1_434' title='bbox 744 1900 1108 1953; x_wconf 73' lang='lat' dir='ltr'><strong><em>misericordiamque</em></strong></span> <span class='ocrx_word' id='word_1_435' title='bbox 1132 1907 1375 1939; x_wconf 75' lang='lat' dir='ltr'><strong><em>revocandis?</em></strong></span> <span class='ocrx_word' id='word_1_436' title='bbox 1406 1917 1497 1951; x_wconf 85' lang='lat' dir='ltr'><strong><em>quac</em></strong></span> <span class='ocrx_word' id='word_1_437' title='bbox 1521 1908 1579 1948; x_wconf 86' lang='lat' dir='ltr'><strong><em>(n.</em></strong></span> <span class='ocrx_word' id='word_1_438' title='bbox 1604 1912 1736 1940; x_wconf 80' lang='lat' dir='ltr'><strong><em>mentes</em></strong></span> 
     </span>
     <span class='ocr_line' id='line_1_41' title="bbox 314 1950 1735 2000; baseline -0.004 -11"><span class='ocrx_word' id='word_1_439' title='bbox 314 1956 374 1989; x_wconf 77' lang='lat' dir='ltr'><strong><em>vel</em></strong></span> <span class='ocrx_word' id='word_1_440' title='bbox 398 1954 545 1986; x_wconf 71' lang='lat' dir='ltr'><strong><em>incitare</em></strong></span> <span class='ocrx_word' id='word_1_441' title='bbox 569 1953 628 1984; x_wconf 82' lang='lat' dir='ltr'><strong><em>vel</em></strong></span> <span class='ocrx_word' id='word_1_442' title='bbox 652 1950 836 1995; x_wconf 77' lang='lat' dir='ltr'><strong><em>revocure)</em></strong></span> <span class='ocrx_word' id='word_1_443' title='bbox 860 1950 932 2000; x_wconf 72' lang='lat' dir='ltr'><strong><em>nist</em></strong></span> <span class='ocrx_word' id='word_1_444' title='bbox 957 1953 1021 1996; x_wconf 86' lang='lat' dir='ltr'><strong><em>qui</em></strong></span> <span class='ocrx_word' id='word_1_445' title='bbox 1044 1958 1205 1985; x_wconf 84' lang='lat' dir='ltr'><strong><em>naturas</em></strong></span> <span class='ocrx_word' id='word_1_446' title='bbox 1228 1953 1412 1986; x_wconf 78' lang='lat' dir='ltr'><strong><em>hominum</em></strong></span> <span class='ocrx_word' id='word_1_447' title='bbox 1436 1971 1456 1977; x_wconf 95' lang='lat'><em>—</em></span> <span class='ocrx_word' id='word_1_448' title='bbox 1480 1953 1631 1994; x_wconf 83' lang='lat' dir='ltr'><strong><em>penitus</em></strong></span> <span class='ocrx_word' id='word_1_449' title='bbox 1653 1964 1735 1995; x_wconf 82' lang='lat' dir='ltr'><strong><em>per-</em></strong></span> 
     </span>
     <span class='ocr_line' id='line_1_42' title="bbox 314 1996 1737 2050; baseline -0.002 -17"><span class='ocrx_word' id='word_1_450' title='bbox 314 1996 508 2050; x_wconf 75' lang='lat' dir='ltr'><strong><em>spexerit,</em></strong></span> <span class='ocrx_word' id='word_1_451' title='bbox 544 1996 722 2039; x_wconf 80' lang='lat' dir='ltr'><strong><em>dicendo,</em></strong></span> <span class='ocrx_word' id='word_1_452' title='bbox 764 1996 863 2042; x_wconf 82' lang='lat' dir='ltr'><strong><em>quod</em></strong></span> <span class='ocrx_word' id='word_1_453' title='bbox 893 1996 1009 2037; x_wconf 82' lang='lat' dir='ltr'><strong><em>volet,</em></strong></span> <span class='ocrx_word' id='word_1_454' title='bbox 1049 1996 1225 2043; x_wconf 84' lang='lat' dir='ltr'><strong><em>perficere</em></strong></span> <span class='ocrx_word' id='word_1_455' title='bbox 1251 2010 1326 2032; x_wconf 86' lang='lat' dir='ltr'><strong><em>non</em></strong></span> <span class='ocrx_word' id='word_1_456' title='bbox 1359 1998 1514 2041; x_wconf 77' lang='lat' dir='ltr'><strong><em>poterit.</em></strong></span> <span class='ocrx_word' id='word_1_457' title='bbox 1560 2000 1656 2031; x_wconf 75' lang='lat' dir='ltr'><strong><em>Nam·</em></strong></span> <span class='ocrx_word' id='word_1_458' title='bbox 1682 1999 1737 2030; x_wconf 82' lang='lat' dir='ltr'><strong><em>di-</em></strong></span> 
     </span>
     <span class='ocr_line' id='line_1_43' title="bbox 317 2043 1736 2088; baseline -0.004 -9"><span class='ocrx_word' id='word_1_459' title='bbox 317 2046 444 2087; x_wconf 82' lang='lat' dir='ltr'><strong><em>ce&#39;ndo,</em></strong></span> <span class='ocrx_word' id='word_1_460' title='bbox 485 2044 580 2088; x_wconf 82' lang='lat' dir='ltr'><strong><em>quod</em></strong></span> <span class='ocrx_word' id='word_1_461' title='bbox 619 2044 735 2085; x_wconf 82' lang='lat' dir='ltr'><strong><em>voles,</em></strong></span> <span class='ocrx_word' id='word_1_462' title='bbox 775 2043 965 2087; x_wconf 80' lang='lat' dir='ltr'><strong><em>perficere,</em></strong></span> <span class='ocrx_word' id='word_1_463' title='bbox 1007 2044 1050 2077; x_wconf 80' lang='lat' dir='ltr'><strong><em>ad</em></strong></span> <span class='ocrx_word' id='word_1_464' title='bbox 1083 2044 1213 2078; x_wconf 85' lang='lat' dir='ltr'><strong><em>sensum</em></strong></span> <span class='ocrx_word' id='word_1_465' title='bbox 1246 2045 1339 2078; x_wconf 86' lang='lat' dir='ltr'><strong><em>idem</em></strong></span> <span class='ocrx_word' id='word_1_466' title='bbox 1375 2044 1437 2085; x_wconf 85' lang='lat' dir='ltr'><strong><em>cst,</em></strong></span> <span class='ocrx_word' id='word_1_467' title='bbox 1478 2043 1571 2086; x_wconf 83' lang='lat' dir='ltr'><strong><em>quod</em></strong></span> <span class='ocrx_word' id='word_1_468' title='bbox 1604 2044 1736 2075; x_wconf 82' lang='lat' dir='ltr'><strong><em>animos</em></strong></span> 
     </span>
    </p>
   </div>
  </div>
 </body>
</html>
